3684 5275
660 411 742 477 16
1755 416 1946 473 Emer
1989 416 2135 473 Teil.

865 611 893 653 ο
925 584 1083 651 ‘Dic’
1131 601 1249 666 ego
1295 581 1604 665 respondi
1647 583 1928 649 ‘causam
1972 578 2135 645 mihi
2178 578 2413 647 sideris
2457 578 2683 646 huius!

1014 690 1293 759 Causam
1338 688 1620 755 facundo
1667 686 1955 753 reddidit
2000 704 2113 752 ore
2158 686 2349 751 deus:

927 796 1384 864 ‘Abstulerant
1427 800 1660 877 raptas
1701 792 2012 860 Phoeben
2056 792 2484 875 Phoebesque
2526 810 2812 859 sororem

1017 902 1440 987 Tyndaridae
1485 900 1749 984 iratreS,
1795 900 1905 965 hic
1950 917 2164 983 equea
2210 897 2325 964 ille
2369 898 2571 983 pugil.

929 1010 1120 1077 Bella
1165 1014 1424 1091 parant,
1469 1011 1907 1090 repetuntque
1950 1023 2104 1071 suas
2151 1008 2221 1071 et
2264 1003 2477 1071 frater
2522 1010 2592 1071 et
2636 1006 2807 1088 Idas,

839 1143 896 1183 ιο
1013 1116 1344 1199 Leucippo
1389 1114 1534 1183 fieri
1575 1118 1809 1197 pactus
1854 1117 2131 1193 uterque
2177 1130 2394 1195 gener.

927 1224 1053 1290 His
1099 1242 1298 1306 amor,
1344 1227 1419 1288 ut
1463 1225 1789 1303 repetant,
1833 1219 1987 1304 illis,
2030 1224 2108 1287 ut
2152 1219 2423 1286 reddere
2467 1218 2695 1302 nolint,

1018 1329 1297 1411 Suadet3
1346 1333 1416 1395 et
1461 1347 1543 1395 ex
1589 1346 1789 1394 causa
1832 1332 2088 1411 pugnat
2132 1330 2409 1405 uterque
2453 1324 2618 1405 pari.

930 1435 1241 1520 Effingere
1287 1434 1645 1502 Oebalidae
1691 1452 1885 1500 cursu
1930 1438 2201 1514 potuere
2245 1435 2609 1513 sequentes,

1020 1542 1149 1609 Sed
1195 1542 1407 1609 visum
1451 1542 1649 1609 celeri
1693 1542 1959 1609 vincere
2002 1545 2197 1621 turpe
2241 1537 2421 1621 iuga.

844 1676 898 1717 ns
927 1648 1130 1716 Liber
1175 1650 1260 1715 ab
1307 1648 1653 1715 arboribus
1698 1647 1877 1714 locus
1924 1651 2041 1729 est,
2088 1650 2251 1727 apta
2296 1664 2455 1711 area
2498 1661 2791 1727 pugnae:

1021 1756 1472 1823 Constiterant
1517 1754 1672 1820 illic.
1759 1770 1992 1820 nomen
2038 1752 2346 1835 Aphidna
2390 1752 2548 1817 loco.

930 1863 1213 1930 Pectora
1259 1862 1578 1928 traiectus
1622 1861 1887 1944 Lynceo
1934 1859 2166 1925 Castor
2211 1860 2296 1924 ab
2345 1876 2497 1924 ense

1020 1969 1165 2034 Non
1211 1973 1556 2049 expectato
1602 1968 1870 2036 volnere
1913 1966 2156 2048 pressit
2199 1966 2479 2031 humum.

934 2074 1131 2142 Ultor
1172 2076 1361 2141 adest
1404 2074 1657 2158 Polluit,
1703 2079 1773 2140 et
1814 2074 2082 2155 Lyncea
2124 2072 2424 2153 perforat
2466 2072 2661 2137 hasta

841 2207 902 2247 20
1021 2181 1167 2265 Qua
1212 2182 1438 2247 cervix
1482 2198 1737 2247 umeros
1783 2178 2167 2245 continuata
2210 2178 2466 2260 premit.

931 2288 1087 2353 Ibat
1129 2288 1201 2355 in
1244 2288 1416 2353 hunc
1460 2288 1632 2370 IdaS,
1678 2286 1923 2367 vixque
1970 2289 2070 2350 est
2114 2285 2293 2351 Iovis
2337 2285 2490 2367 igne
2536 2284 2861 2367 repulsum

1023 2394 1186 2461 Tela
1231 2400 1453 2460 tamen
1501 2395 1776 2483 dextrae
1820 2390 2093 2457 fulmine
2138 2395 2337 2473 rapta
2379 2398 2645 2473 negant.

931 2500 1203 2582 Iamque
1247 2500 1390 2583 tibi,
1435 2499 1689 2583 Polluit,
1735 2499 1985 2564 caelum
2031 2498 2307 2563 sublime
2350 2498 2645 2581 patebat,

1022 2607 1183 2676 Cum
1227 2607 1443 2674 “mea”
1491 2606 1716 2673 dixisti
1762 2606 2061 2688 “percipe
2106 2606 2327 2688 verba,
2373 2604 2595 2687 pater!

843 2739 901 2780 π
932 2714 1117 2798 Quod
1161 2716 1322 2781 mihi
1368 2716 1484 2781 das
1531 2715 1644 2780 uni
1689 2713 1958 2796 caelum,
2003 2713 2255 2794 partire
2300 2712 2578 2778 duobus:

1018 2809 1371 2889 Dimidium
1419 2826 1563 2888 toto
1607 2837 1875 2886 munere
1919 2819 2129 2886 maius
2175 2819 2357 2885 erit.”

930 2927 1120 2996 Dixit
1165 2935 1234 2995 et
1279 2930 1540 2995 alterna
1585 2925 1861 2992 fratrem
1908 2926 2196 2992 statione
2240 2924 2533 2992 redemit.

1021 3035 1204 3103 Utile
1247 3034 1569 3102 sollicitae
1613 3033 1791 3099 sidus
1837 3036 2183 3113 utrumque
2227 3032 2397 3098 rati?

1584 3262 1698 3331 No.
1729 3263 1774 3332 6
1821 3261 1918 3347 (H
1950 3261 2303 3346 83—118).

1323 3415 1589 3485 Arions
1631 3418 2102 3486 wunderbare
2144 3417 2566 3500 Errettung.

929 3575 1114 3658 Quod
1159 3593 1342 3640 mare
1386 3593 1514 3641 non
1560 3575 1764 3658 novit,
1812 3593 1983 3655 quae
2025 3575 2237 3641 nescit
2282 3575 2531 3641 Ariona
2577 3573 2771 3641 tellus
2788 3575 2819 3639 P

1019 3681 1317 3747 Carmine
1364 3686 1700 3747 curreutes
1745 3681 1859 3746 ille
1906 3683 2178 3747 tenebat
2222 3700 2443 3762 aquas.

928 3787 1138 3869 Saepe
1182 3805 1456 3867 sequens
1503 3807 1740 3870 agnam
1786 3787 1977 3870 lupus
2024 3793 2123 3854 est
2169 3807 2210 3853 a
2257 3806 2415 3855 voce
2460 3793 2772 3870 retentuS‚

1016 3893 1224 3975 Saepe
1272 3895 1534 3961 avidum
1581 3894 1838 3976 fugiens
1884 3895 2135 3961 restitit
2180 3913 2354 3977 agna
2400 3894 2652 3975 lupum:

869 4027 896 4066 ο
927 3999 1134 4082 Saepe
1181 4019 1377 4066 canes
1422 4000 1804 4082 leporesque
1850 4003 2082 4068 umbra
2128 4003 2410 4068 cubuere
2455 4002 2576 4068 sub
2622 4021 2771 4085 una,

797 4191 854 4246 8.
926 4189 1058 4260 vgl.
1077 4189 1239 4244 Hom.
1261 4189 1609 4244 Od.X1300:
1635 4191 1900 4260 Κάστορα
1988 4192 2142 4246 weilt
2176 4193 2290 4246 und
2326 4193 2403 4246 sie
2440 4210 2500 4247 so
2538 4191 2924 4247 abwechselnd
2960 4191 3094 4247 oder
3118 4191 3226 4243 dass

655 4259 1043 4328 δ’ἱπποδάμον
1107 4260 1206 4312 καὶ
1268 4258 1378 4323 πὺξ
1433 4257 1662 4330 ἀγαθὸν
1719 4263 1897 4315 Πολυ-
1984 4262 2063 4315 sie
2100 4260 2265 4315 beide
2300 4279 2610 4318 zusammen
2645 4262 2723 4315 im
2765 4259 3011 4316 Himmel
3045 4261 3225 4326 leben,

657 4329 876 4384 δευκέα.
1982 4349 2298 4386 zusammen
2344 4333 2420 4386 im
2466 4332 2659 4388 Hades
2710 4332 2833 4385 sind
2886 4335 2969 4402 (so
3016 4329 3225 4384 Homer

603 4435 612 4444 -
797 4401 887 4457 2⁷.
960 4399 1182 4453 alterna
1216 4400 1472 4469 statione]
1509 4399 1683 4453 durch
1723 4401 1900 4454 wech-
1985 4401 2021 4454 l.
2049 4403 2136 4471 c.).

657 4469 883 4524 selnden
931 4468 1300 4534 Aufenthalt,
1339 4468 1620 4535 dadurch,
1659 4469 1766 4524 dass
1803 4471 1903 4526 der
2128 4471 2235 4527 No·
2273 4471 2327 4526 6.
2402 4469 2653 4524 Herodot
2674 4470 2721 4524 Ι.
2746 4470 2813 4524 23
2827 4470 2866 4523 f.

653 4537 781 4594 eine
815 4539 891 4593 im
929 4537 1192 4607 Himmel,
1230 4538 1328 4590 der
1366 4539 1569 4594 andere
1605 4541 1682 4594 im
1711 4539 1901 4595 Hades
2126 4540 2182 4596 4.
2254 4541 2472 4609 restitit]
2506 4540 2660 4593 blieb
2696 4540 2907 4593 stehen.
