3684 5275
649 390 732 457 12

1745 400 1941 456 Enter-
1982 404 2129 459 Teil.

909 566 1086 632 Hinc
1129 565 1258 631 init
1301 564 1657 647 Aegaeum,
1701 582 1832 645 quo
1876 566 2199 649 Cycladas
2244 568 2485 650 aspicit
2526 588 2764 654 omnes,

1001 670 1386 753 Ioniumque
1427 688 1638 752 rapax
1683 671 2097 755 Icariumque
2142 673 2325 757 leg-it,

911 778 1172 859 Perque
1215 778 1412 844 urbes
1455 778 1656 843 Asiae
1698 778 1963 862 longum
2006 780 2179 861 petit
2222 780 2735 863 Hellespontum.

797 906 884 947 ιω
999 882 1478 964 Diversumque
1520 882 1683 949 locis
1728 885 1873 951 alta
1914 892 2217 967 pererrat
2260 888 2409 955 iter.

915 990 1082 1055 Nam
1125 991 1312 1055 modo
1357 990 1676 1073 turilegos
1719 992 2005 1075 Arabas,
2049 995 2237 1060 modo
2282 994 2561 1077 despicit
2606 996 2821 1081 Indos,

1003 1096 1180 1162 Hinc
1221 1095 1446 1179 Libys,
1489 1097 1643 1163 hinc
1687 1098 1911 1165 Meroe
1956 1100 2259 1181 siccaque
2304 1107 2487 1168 terra
2530 1102 2779 1170 subest:

916 1204 1104 1269 Nunc
1147 1202 1291 1268 adit
1335 1202 1706 1288 Hesperios,
1749 1205 2049 1273 Rhenum
2092 1208 2607 1290 Rhodanumque
2650 1210 3030 1294 Padumque

1007 1310 1248 1391 Teque,
1293 1308 1518 1376 future
1559 1330 1816 1395 parens,
1860 1313 2133 1396 Thybri,
2176 1316 2467 1397 potentis
2512 1334 2740 1397 aquae.

801 1438 884 1480 ιω
915 1416 1057 1500 Quo
1102 1415 1321 1481 feror?
1365 1416 1724 1483 inmensum
1769 1424 1875 1484 est
1918 1426 2179 1487 erratas
2224 1422 2441 1488 dicere
2486 1428 2720 1489 terras.

1009 1522 1420 1589 Praeter-itus
1465 1522 1686 1589 Cereri
1728 1525 1949 1592 nullus
1990 1526 2061 1592 in
2106 1528 2264 1593 orbe
2308 1528 2503 1595 locus.

921 1629 1125 1697 Errat
1171 1634 1242 1695 et
1284 1629 1354 1695 in
1397 1629 1596 1713 caelo,
1639 1630 2001 1713 liquidique
2043 1634 2337 1701 inmunia
2380 1636 2565 1717 ponti

1010 1736 1409 1817 Adloquitur
1451 1737 1668 1820 gelido
1712 1739 2009 1820 proxima
2052 1740 2243 1823 signa
2288 1743 2453 1823 polo.

919 1843 1374 1910 ‘Parrhasides
1419 1844 1671 1927 stellae,
1716 1881 1807 1892 —
1850 1863 2131 1927 namque
2176 1847 2393 1914 omnia
2435 1866 2624 1915 nosse
2668 1850 2963 1931 potestis,

805 1976 889 2017 ιω
1007 1952 1386 2031 Aequoreas
1428 1968 1778 2032 numquam
1825 1970 1971 2018 cum
2016 1953 2309 2019 subeatis
2354 1973 2560 2036 aquas
2604 1992 2694 2003 ——

920 2056 1378 2138 Persephonen
1421 2062 1648 2123 natam
1693 2058 1971 2125 miserae
2016 2066 2381 2127 monstrate
2426 2063 2691 2143 parenti
2702 2064 2735 2127 1²

1011 2163 1308 2230 Dixerat.
1399 2164 1550 2230 huic
1593 2164 1824 2231 Helice
1868 2166 2038 2231 talia
2081 2168 2289 2235 verba
2332 2168 2567 2235 refert:

921 2270 1222 2337 ‘Crimine
1266 2290 1396 2337 nox
1441 2288 1652 2337 vacua
1697 2276 1822 2352 est3
1870 2272 2083 2338 Solem
2129 2274 2210 2339 de
2256 2274 2514 2357 virgine
2558 2280 2757 2356 rapta

1012 2376 1302 2461 Consule,
1348 2376 1462 2457 qui
1503 2377 1643 2442 late
1688 2377 1872 2444 facta
1918 2378 2153 2444 diurna
2196 2380 2417 2446 videt.’

805 2504 887 2547 ιω
917 2482 1028 2551 Sol
1072 2484 1292 2550 aditus
1339 2484 1548 2563 ‘quam
1597 2484 1893 2567 quaeris:
1940 2485 2039 2551 ait
2084 2488 2183 2551 ‘ne
2230 2506 2404 2553 vana
2449 2486 2724 2569 labores,

1009 2590 1235 2674 Nupta
1277 2589 1457 2658 Iovis
1501 2588 1701 2657 fratri
1745 2590 1951 2658 tertia
1995 2610 2203 2677 regna
2245 2594 2465 2661 tenet?

923 2698 1172 2781 Questa
1216 2698 1328 2764 diu
1371 2715 1606 2781 secum,
1651 2698 1746 2764 sic
1792 2705 1895 2764 est
1940 2699 2175 2766 adfata
2216 2701 2597 2784 Tonantem,

1009 2803 1427 2885 Maximeque
1471 2804 1540 2870 in
1585 2805 1773 2872 voltu
1817 2805 2010 2889 signa
2054 2807 2336 2873 dolentis
2382 2813 2598 2874 erant:

922 2911 1010 2978 ‘Si
1054 2929 1298 2977 memor
1341 2930 1427 2994 es,
1473 2913 1556 2978 de
1601 2931 1726 2993 quo
1771 2913 1934 2979 mihi
1978 2913 2067 2980 sit
2111 2914 2509 2997 Proserpina
2552 2919 2733 2999 nata,

805 3043 888 3085 ιτο
1005 3017 1359 3085 Dimidium
1406 3037 1602 3083 curae
1647 3019 1840 3085 debet
1887 3021 2132 3088 habere
2176 3028 2350 3088 tuae.

923 3123 1100 3193 Orbe
1143 3129 1482 3206 pererrato
1530 3125 1671 3190 sola
1717 3131 1819 3192 est
1862 3127 2105 3193 iniuria
2147 3127 2315 3194 iacti

1013 3231 1308 3314 Cognita.
1387 3231 1711 3298 commissi
1753 3233 2048 3313 praemia
2093 3238 2325 3314 raptor
2366 3234 2587 3299 habet.

923 3341 1018 3404 At
1061 3355 1270 3419 neque
1315 3337 1730 3418 Persephone
1776 3338 1977 3422 digna
2022 3343 2125 3404 est
2168 3340 2497 3420 praedone
2542 3339 2801 3422 marito,

1011 3444 1148 3511 Nec
1193 3462 1397 3526 gener
1440 3445 1564 3510 hoc
1605 3444 1793 3510 nobis
1837 3463 2017 3510 more
2061 3448 2393 3527 parandus
2439 3452 2603 3512 erat.

806 3577 889 3618 175
920 3551 1094 3635 Quid
1137 3551 1408 3635 gravius
1453 3549 1708 3617 victore
1751 3549 1943 3635 Gyge
1989 3551 2257 3633 captiva
2302 3551 2613 3636 tulissem,

1016 3657 1227 3741 Quam
1273 3675 1444 3723 nune
1490 3662 1558 3723 te
1605 3657 1770 3723 caeli
1816 3663 2079 3739 sceptra
2124 3663 2391 3725 tenente
2435 3657 2607 3726 tuli?

925 3764 1168 3830 Verum
1215 3765 1475 3847 impune
1520 3763 1714 3849 ferat,
1760 3781 1878 3831 nos
1923 3765 2086 3830 haec
2131 3765 2457 3846 patiemur
2501 3765 2785 3848 inultae3

1016 3871 1294 3954 Reddat,
1342 3877 1412 3937 et
1457 3873 1755 3937 emendet
1799 3870 1984 3937 facta
2027 3871 2251 3953 priora
2293 3871 2515 3938 novis?

925 3977 1228 4058 Iuppiter
1269 3977 1441 4042 hanc
1484 3976 1666 4058 lenit,
1710 3976 2087 4058 factumque
2134 3982 2405 4044 excusat
2451 3997 2685 4061 amore,

803 4182 926 4239 1152.
997 4183 1147 4238 sicca
1183 4181 1352 4256 terra]
1389 4181 1480 4236 die
1517 4181 1734 4238 Wiiste.
2131 4185 2254 4242 175.
2326 4187 2527 4242 victore
2590 4185 2761 4255 nye]
2823 4199 2979 4237 wenn
3038 4181 3231 4252 Gygen

804 4253 928 4310 154.
999 4253 1071 4322 te]
1107 4253 1332 4307 Anrede
1380 4268 1450 4307 an
1490 4253 1598 4306 den
1634 4252 1774 4307 Gott
1809 4254 1905 4308 des
1994 4255 2623 4325 (Namenverzeichnisl)
2684 4253 2875 4326 Sieger
2975 4251 3233 4306 eblieben

663 4321 898 4376 Flusses.
1992 4329 2159 4390 wiire,
2210 4326 2263 4379 d.
2304 4327 2356 4379 h.
2406 4328 2483 4380 im
2518 4323 2795 4378 Zustande
2842 4323 2944 4394 gr&
2984 4327 3068 4374 ter
3116 4319 3230 4373 An-

803 4392 927 4449 157.
1000 4390 1152 4447 Weil
1201 4391 1294 4447 die
1339 4391 1905 4462 Circumpolarsterne
1993 4395 2185 4446 archie
2236 4394 2395 4448 hatte
2448 4412 2506 4449 es
2556 4393 2665 4446 mir
2709 4393 2868 4446 nicht
2912 4389 3233 4444 schlimmer

663 4461 821 4516 nicht
857 4463 1218 4534 untergehen.
1992 4460 2233 4533 ergeheu
2274 4464 2507 4518 konnen.

806 4532 929 4588 170.
990 4533 1166 4604 debet]
1195 4531 1433 4603 Subjekt
1458 4531 1530 4585 ist
1553 4531 1903 4601 Proserpina.
