3684 5275
629 444 712 508 14
1571 464 1584 476 ·
1725 455 1919 511 Erster
1960 456 2105 511 Teil.

813 642 868 682 ιο
985 618 1217 686 Edidit
1259 618 1526 686 incultis
1571 618 1740 685 talia
1783 618 1991 685 verba
2036 621 2256 691 comis:

901 724 1024 791 ‘En
1068 726 1324 809 iterum,
1370 726 1626 809 fiuctuS,
1671 725 1901 791 similis
1947 727 2173 793 audite
2216 729 2565 809 querellasx

989 832 1093 898 En
1139 832 1378 898 iterum
1423 831 1730 898 lacrimas
1775 831 2017 917 accipe,
2063 834 2331 920 harena,
2376 838 2579 903 meas!

899 938 1234 1021 Dicebam,
1277 938 1558 1017 memini,
1603 938 1900 1021 “periure
1946 948 2015 1006 et
2060 942 2305 1023 perfide
2348 942 2675 1009 Theseul”

987 1043 1112 1111 Ille
1158 1043 1344 1126 abiit,
1392 1046 1618 1111 eadem
1665 1045 1940 1111 crimina
1985 1047 2281 1115 Bacchus
2324 1050 2544 1115 habet.

843 1176 898 1218 ιο
929 1151 1118 1217 Nunc
1163 1168 1419 1232 quoque
1465 1150 1684 1217 “nulla
1729 1152 1911 1219 viro'’
1957 1153 2253 1220 clamabo
2298 1151 2576 1220 “femina
2622 1155 2915 1222 credatl”
3012 1156 3027 1165 “

987 1255 1259 1323 Nomine
1301 1261 1558 1324 mutato
1605 1276 1805 1325 causa
1850 1260 2069 1325 relata
2112 1278 2258 1326 mea
2302 1266 2429 1329 est:

901 1362 956 1431 Ο
999 1363 1254 1429 utinam
1299 1382 1451 1429 mea
1491 1382 1649 1447 sora,
1695 1384 1826 1446 qua
1868 1366 2147 1447 primum
2192 1372 2514 1452 coeperat,
2558 1368 2736 1451 isset,

989 1471 1260 1551 Iamque
1305 1488 1427 1553 ego
1471 1472 1804 1552 praesenti
1849 1476 2139 1555 tempore
2185 1473 2370 1540 nulla
2413 1473 2640 1541 forem!
2762 1518 2769 1525 ·

901 1576 1072 1662 Quid
1117 1596 1220 1643 me
1266 1578 1542 1644 desertis
1585 1579 1967 1662 perituram,
2011 1580 2229 1664 Liber,
2273 1580 2537 1647 harenis

813 1713 870 1753 ιο
989 1683 1362 1752 Servabas'?
1429 1685 1616 1765 potui
1661 1686 2026 1753 dedoluisse
2069 1687 2287 1753 semel.

902 1791 1164 1857 Bacche
1207 1789 1391 1874 leviS,
1436 1790 1774 1874 leviorque
1819 1794 1969 1877 tuiS,
2016 1812 2183 1875 quae
2226 1798 2523 1876 tempora
2568 1791 2856 1877 cingunt,

991 1896 1378 1981 FrondibuS,
1421 1897 1492 1963 in
1535 1897 1840 1965 lacrimas
1886 1900 2147 1982 cognite
2191 1900 2451 1966 Bacche
2494 1919 2689 1985 meas,

901 2007 1119 2071 Ausus
1165 2022 1235 2069 es
1283 2008 1440 2070 ante
1485 2004 1702 2072 oculos
1747 2007 2036 2072 adducta
2079 2006 2330 2088 paelice
2374 2011 2630 2073 nostros

989 2111 1154 2176 Tam
1199 2110 1366 2177 bene
1413 2112 1837 2194 compositum
1882 2112 2239 2179 sollicitare
2283 2114 2539 2179 torum?

813 2245 870 2285 π
899 2216 1050 2284 Heu
1094 2218 1209 2283 ubi
1252 2222 1452 2299 pacta
1497 2216 1698 2283 fides?
1773 2218 1906 2299 ubi,
1953 2237 2121 2299 quae
2164 2220 2386 2285 iurare
2428 2218 2727 2285 solebas?

990 2324 1101 2389 Me
1145 2324 1466 2407 miseram,
1514 2323 1813 2404 quotiens
1857 2324 2024 2389 haec
2069 2342 2189 2408 ego
2234 2326 2442 2392 verba
2486 2324 2759 2406 loquar?

906 2430 1164 2495 Thesea
1208 2430 1540 2513 culpabaS,
1583 2428 2018 2510 fallacemque
2060 2430 2203 2512 ipse
2248 2433 2554 2497 vocabas:

992 2536 1242 2603 Iudicio
1285 2554 1518 2617 peccas
1562 2536 1821 2618 turpius
1865 2536 2008 2618 ipse
2050 2541 2184 2602 tuo.

907 2644 1005 2710 Ne
1051 2643 1222 2710 sciat
1265 2645 1386 2710 hoc
1431 2642 1790 2726 quisquam,
1835 2643 2193 2724 tacitisque
2237 2643 2565 2710 doloribus
2610 2661 2783 2726 urar,

817 2776 874 2817 ao
992 2750 1092 2815 Ne
1137 2751 1380 2817 totiens
1424 2749 1573 2816 falli
1618 2751 1818 2834 digna
1862 2749 2065 2816 fuisse
2108 2755 2320 2832 puter.

905 2855 1269 2939 Praecipue
1314 2857 1570 2939 cupiam
1617 2857 1818 2924 celari
1864 2858 2137 2940 Thesea,
2181 2875 2265 2922 ne
2308 2861 2379 2922 te

997 2962 1372 3030 Consortem
1417 2966 1649 3047 culpae
1693 2967 1985 3047 gaudeat
2028 2981 2169 3030 esse
2213 2981 2386 3030 suae.

908 3068 1005 3135 At
1046 3075 1224 3155 puto,
1271 3072 1647 3152 praeposita
1692 3076 1794 3138 est
1838 3071 2063 3136 fuscae
2108 3070 2267 3136 mihi
2311 3070 2591 3136 candida
2633 3070 2909 3153 paelex?

996 3177 1287 3244 Eveniat
1330 3178 1571 3243 nostris
1615 3177 1913 3243 hostibus
1956 3177 2070 3242 ille
2115 3177 2315 3244 color!

821 3309 876 3349 ³⁵
907 3283 1077 3367 Quid
1121 3287 1344 3350 tamen
1388 3284 1510 3350 hoc
1555 3282 1802 3349 refert?
1880 3283 2044 3350 vitio
2089 3283 2217 3349 tibi
2260 3283 2517 3365 gratior
2558 3283 2699 3365 ipso
2746 3291 2863 3349 est.

997 3388 1168 3474 Quid
1213 3389 1421 3456 facis?
1497 3389 1831 3472 amplexus
1874 3389 2182 3469 inquinat
2225 3389 2344 3454 illa
2388 3395 2551 3456 tuos

908 3498 1186 3580 Bacche,
1227 3497 1416 3563 fidem
1462 3501 1750 3580 praesta,
1793 3514 1915 3562 nec
1958 3494 2225 3577 praefer
2268 3495 2597 3562 amoribus
2638 3495 2839 3562 ullam
2924 3553 2929 3558 .

997 3602 1320 3688 Coniugis
1409 3602 1681 3670 adsuevi
1723 3620 1980 3685 semper
2022 3621 2245 3668 amare
2288 3602 2517 3668 virum.

909 3709 1041 3776 Illa
1086 3728 1206 3793 ego
1252 3729 1410 3794 sum,
1457 3711 1562 3776 cui
1605 3715 1680 3776 tu
1724 3709 1956 3776 solitus
2000 3710 2387 3792 promittere
2430 3709 2697 3775 caelum.

821 3841 878 3880 ιο
996 3817 1084 3882 Ei
1126 3817 1302 3899 mihi,
1346 3834 1464 3898 pro
1511 3815 1690 3882 caelo
1736 3816 1960 3897 qualia
2006 3819 2173 3883 dona
2220 3816 2409 3883 ferol'

911 3923 1208 3990 Dixerat.
1298 3923 1572 3989 audibat
1615 3923 1989 3988 iamdudum
2033 3923 2239 3990 verba
2285 3922 2617 4003 querentis

1001 4029 1220 4112 Liber,
1264 4034 1342 4095 ut
1387 4047 1428 4094 a
1473 4034 1660 4113 tergo
1705 4028 1879 4095 forte
1924 4034 2186 4096 secutus
2232 4033 2397 4094 erat.

915 4133 1210 4218 Occupat
1253 4136 1574 4220 amplexu,
1616 4136 2049 4217 lacrimasque
2092 4153 2211 4217 per
2254 4134 2477 4200 oscula
2518 4134 2744 4217 siccat,

793 4373 884 4429 10.
954 4373 1198 4442 incultis]
1234 4389 1306 4426 un
1352 4373 1596 4427 eordnet.
2112 4371 2199 4426 18.
2269 4370 2447 4439 nulla]
2481 4369 2638 4422 nicht
2678 4370 2839 4424 mehr
2872 4387 2963 4424 am
3000 4368 3209 4424 Leben.

794 4443 881 4498 11.
952 4442 1167 4513 similas]
1190 4445 1318 4495 niim
1337 4443 1430 4497 ich
1451 4445 1616 4514 jenen
1647 4441 1889 4514 Klagen,
2111 4439 2202 4496 29.
2272 4441 2362 4510 ne]
2379 4440 2594 4493 utinam
2618 4455 2712 4507 ne3
2737 4440 2882 4493 auch
2909 4456 3006 4493 vor
3024 4441 3211 4494 tacitis

656 4509 738 4566 als
772 4513 852 4567 aie
886 4511 1138 4566 Theseus
1173 4513 1446 4567 verlaasen
1485 4514 1641 4566 hatte
1974 4513 2207 4582 erganze
2240 4511 2473 4563 utinam.

793 4582 882 4638 16.
951 4583 1133 4638 relata
1147 4584 1289 4652 (eat)]
1302 4582 1404 4636 hat
1413 4580 1533 4636 sich
1547 4582 1893 4638 wieder-holt.

2062 4841 2075 4877 )
