3684 5275
693 394 779 459 50
1783 406 1976 461 Enter
2018 406 2165 463 Τοῦ.

1048 570 1380 655 Partibus,
1425 587 1695 637 occursu
1740 570 1987 651 praeda
2030 574 2299 653 recepta
2342 570 2547 639 Remi.

959 676 1055 743 Ut
1098 676 1314 760 rediit,
1359 677 1624 744 veribus
1667 676 2021 742 stridentia
2064 678 2357 743 detrabit
2402 682 2575 761 exta,

1048 783 1272 863 Atque
1314 784 1416 849 ait
1459 782 1642 849 ‘haec
1687 788 1867 849 certe
1910 800 2041 849 non
2086 784 2213 850 nisi
2258 784 2473 851 victor
2518 784 2702 850 edet.’

960 888 1162 955 Dicta
1205 889 1388 973 facit,
1432 888 1756 971 Fabiique
1798 888 2007 955 simul.
2098 889 2283 956 venit
2326 890 2565 957 inritus
2608 890 2765 957 illuc

874 1020 929 1059 ω
1047 995 1377 1080 Romulus,
1423 1000 1492 1062 et
1537 1012 1794 1062 mensas
1838 1012 2113 1077 ossaque
2157 996 2335 1062 nuda
2378 996 2579 1063 videt.

961 1100 1156 1186 Risit,
1203 1107 1273 1168 et
1315 1102 1596 1169 indoluit
1639 1101 1887 1168 Fabios
1930 1102 2221 1183 potuisse
2262 1102 2661 1185 Remumque

1050 1208 1347 1293 Vincere,
1391 1208 1746 1293 Quintilios
1790 1226 1921 1273 non
1965 1208 2255 1289 potuisse
2298 1226 2466 1276 suos,

961 1312 1172 1380 Fama
1213 1318 1436 1380 manet
1479 1313 1661 1379 facti.
1749 1315 1964 1396 posito
2009 1315 2335 1381 velamine
2380 1320 2667 1399 currunt,

1053 1420 1147 1486 Et
1189 1438 1528 1487 memorem
1575 1421 1818 1487 famam
1864 1421 2040 1503 quod
2083 1422 2249 1488 bene
2294 1421 2507 1504 caesit,
2552 1423 2772 1488 habet.

1575 1650 1687 1718 No.
1721 1648 1812 1717 22
1858 1646 1956 1734 (H
1987 1649 2385 1735 533—570).

1689 1804 1830 1872 Das
1875 1802 2277 1873 Totenfest.

439 1971 675 2027 Feralia
965 1961 1092 2027 Est
1133 1962 1338 2027 honor
1383 1966 1452 2027 et
1495 1961 1782 2046 tumuIiS,
1827 1962 2079 2028 animas
2123 1962 2389 2043 placare
2431 1966 2759 2047 paternas,

415 2062 505 2112 21·
531 2058 701 2113 Febr.
1056 2068 1404 2149 Parvaque
1447 2068 1518 2133 in
1564 2072 1904 2135 extructas
1948 2086 2218 2135 munera
2261 2068 2436 2135 ferre
2478 2086 2697 2151 pyras.

967 2173 1190 2240 Parva
1233 2178 1470 2255 petunt
1513 2193 1760 2240 manes:
1806 2175 2023 2256 pietas
2068 2192 2186 2256 pro
2232 2174 2441 2241 divite
2484 2180 2684 2258 grata
2728 2181 2829 2241 est

1051 2280 1348 2347 Munere:
1392 2299 1524 2348 non
1569 2281 1797 2347 avidos
1842 2280 2013 2363 Styx
2056 2280 2259 2346 habet
2302 2280 2435 2345 ima
2478 2282 2648 2346 deos,

907 2412 933 2451 ⁵
963 2384 1218 2469 Tegula
1261 2386 1578 2468 porrectis
1625 2387 1790 2452 satis
1837 2391 1940 2451 est
1982 2386 2209 2452 velata
2254 2387 2507 2452 coronis

1053 2492 1149 2557 Et
1193 2510 1463 2573 sparsae
1507 2492 1729 2575 fruges
1774 2510 2103 2573 parcaque
2146 2492 2317 2558 mica
2361 2493 2534 2577 saliS,

965 2598 1175 2680 Inque
1218 2616 1394 2664 mero
1438 2598 1691 2666 mollita
1738 2597 1950 2682 CereS,
1996 2598 2339 2682 violaeque
2385 2599 2663 2666 solutae:

1055 2705 1239 2770 Haec
1283 2704 1530 2772 habeat
1572 2706 1786 2771 media
1829 2710 2010 2772 testa
2054 2706 2287 2773 relicta
2332 2707 2460 2772 via.

964 2810 1102 2876 Nec
1145 2812 1394 2878 maiora
1437 2815 1614 2894 vet03
1661 2813 1776 2878 sed
1823 2817 1893 2879 et
1937 2813 2040 2878 his
2085 2811 2427 2894 placabilis
2473 2814 2703 2879 umbra
2748 2817 2874 2878 est:

881 2940 934 2980 ιο
1053 2917 1240 2984 Adde
1283 2935 1508 3000 preces
1553 2919 1784 3000 positis
1829 2925 1900 2984 et
1945 2937 2064 2985 sua
2110 2919 2315 2986 verba
2356 2915 2534 2985 focis.

967 3023 1160 3090 Hunc
1204 3042 1445 3089 morem
1489 3024 1765 3107 Aeneas,
1809 3025 2083 3107 pietatis
2128 3025 2397 3092 idoneus
2444 3031 2672 3091 auctor

1057 3130 1310 3195 Attulit
1355 3129 1424 3194 in
1469 3135 1700 3214 terras,
1744 3131 1920 3197 iuste
1964 3131 2221 3215 Latine,
2266 3136 2433 3198 tuas.

967 3235 1092 3302 Ele
1134 3235 1349 3317 patris
1393 3233 1600 3302 Genio
1647 3236 1985 3302 sollemnia
2030 3239 2200 3302 dona
2246 3237 2529 3302 ferebat:

1057 3341 1231 3408 Hinc
1275 3340 1498 3423 populi
1543 3342 1711 3408 ritus
1759 3343 2081 3408 edidicere
2126 3343 2283 3424 pios

881 3475 936 3515 ιε
967 3449 1062 3513 At
1109 3449 1446 3532 quondam,
1494 3449 1644 3513 dum
1688 3448 1888 3531 longa
1931 3452 2173 3530 gerunt
2216 3448 2621 3531 pugnacibus
2667 3449 2865 3514 armis

1057 3553 1265 3636 Bella,
1311 3553 1699 3620 Parentales
1745 3555 2091 3620 deseruere
2136 3555 2291 3620 dies,

967 3661 1112 3726 Non
1157 3660 1418 3741 impune
1461 3659 1620 3742 fuit3
1667 3679 1818 3726 nam
1866 3661 2109 3726 dicitur
2152 3661 2364 3727 omine
2410 3661 2493 3726 ab
2540 3661 2667 3726 isto

1055 3766 1265 3831 Roma
1309 3767 1701 3833 suburbanis
1746 3767 2095 3833 incaluisse
2137 3769 2333 3850 rogis.

969 3872 1102 3939 Vix
1146 3873 1444 3953 equidem
1490 3874 1698 3959 credo,
1744 3875 1958 3940 bustis
2004 3875 2214 3940 exisse
2259 3873 2563 3939 feruntur

883 4005 937 4043 20
1055 3978 1149 4043 Et
1192 3979 1442 4044 tacitae
1488 3981 1702 4059 questi
1749 3985 2043 4063 tempore
2086 3981 2297 4046 noctis
2344 3980 2475 4063 avi,

967 4085 1222 4165 Perque
1265 4087 1412 4152 vias
1459 4086 1639 4152 urbis
1683 4086 2041 4167 Latiosque
2085 4086 2374 4152 ululasse
2418 4105 2536 4168 per
2580 4103 2773 4170 agros

844 4239 933 4294 54.
1005 4240 1150 4307 quod
1187 4242 1320 4295 bene
1355 4244 1516 4296 cessit
1549 4243 1623 4294 int
1659 4240 1915 4312 SubJekt.
2172 4243 2228 4298 ⁷.
2299 4243 2530 4314 solutae]
2568 4244 2725 4297 nicht
2750 4259 2821 4296 zu
2845 4242 3023 4296 einem
3050 4241 3283 4298 Kranae

843 4379 949 4434 No.
987 4377 1077 4434 22.
1149 4381 1204 4434 1.
1248 4381 1482 4448 placare
1504 4379 1618 4435 und
1654 4381 1822 4450 ferre]
1856 4399 1943 4436 ex·
2030 4311 2459 4457 gebugdffltlcsta]
2498 4381 2677 4504 Kruffi.
3152 4407 3157 4414 .

705 4447 948 4518 plikativ
979 4465 1048 4501 zu
1083 4449 1256 4504 honor
1290 4456 1386 4503 est.
2139 4453 2229 4508 10.
2300 4454 2425 4522 sua]
2477 4450 2567 4504 die
2610 4453 2631 4504 i
2675 4467 2781 4506 nen
2816 4450 3280 4510 zukommenden.

843 4519 898 4574 4.
971 4519 1119 4588 deos]
1155 4519 1280 4572 sind
1317 4519 1457 4573 eben
1494 4521 1585 4574 die
1621 4518 1832 4575 Manes.
2139 4523 2227 4578 19.
2300 4521 2416 4577 Vor
2458 4522 2650 4590 bustis]
2688 4524 2917 4594 ergiinze
2958 4521 3177 4588 ¹‚abe1·“.
