3684 5275
665 415 787 480 128
1748 425 1986 482 Zweiter
2029 427 2172 484 Teil.

929 589 1173 672 Noluit,
1218 595 1295 656 ut
1340 595 1620 674 poterat,
1666 591 1930 658 minimo
1974 611 2076 658 me
2121 595 2392 675 perdere
2439 599 2619 661 nutu.

1018 695 1126 760 Nil
1172 713 1331 777 opus
1379 701 1480 762 est
1522 697 1675 763 ullis
1719 698 1789 763 in
1833 717 1980 764 mea
2023 698 2170 764 fata
2213 698 2420 766 Getis,

840 829 894 868 95
928 803 1053 868 Sed
1098 821 1326 886 neque,
1374 822 1490 869 cur
1532 821 1833 887 morerer,
1880 805 2223 885 quicquam
2251 806 2429 886 ,mihi
2475 808 2788 889 comperit
2835 815 3072 892 actum,

1017 909 1110 973 Et
1154 909 1365 974 minus
1410 907 1706 993 infestuS,
1754 929 1946 990 quam
1991 909 2140 995 fuit,
2188 929 2331 978 esse
2374 919 2611 994 potest..

931 1015 1115 1080 Tunc
1162 1033 1415 1096 quoque
1460 1017 1552 1082 nil
1597 1016 1775 1100 fecit,
1820 1017 1948 1082 nisi
1993 1019 2166 1098 quod
2210 1017 2430 1085 facere
2474 1020 2614 1101 ipse
2661 1021 2867 1103 coegi:

1016 1121 1237 1187 Paene
1284 1123 1483 1189 etiam
1527 1123 1759 1189 merito
1805 1124 2067 1204 parcior
2109 1123 2213 1190 ira
2256 1143 2397 1192 meo
2445 1131 2563 1192 est.

926 1228 1014 1293 Di
1061 1226 1315 1295 faciant
1358 1229 1580 1311 igitur,
1627 1247 1898 1310 quorum
1942 1230 2336 1297 iustissimus
2380 1232 2522 1315 ipse
2567 1239 2685 1316 est,

814 1359 895 1399 100
1014 1333 1211 1400 Alma
1255 1334 1421 1400 nihil
1464 1335 1672 1401 maius
1718 1336 2002 1402 Caesare
2044 1341 2228 1404 terra
2272 1337 2475 1405 ferat:

927 1442 1147 1521 thue
1193 1440 1303 1506 diu
1350 1440 1471 1506 sub
1518 1459 1593 1508 eo
1640 1443 1735 1508 sic
1778 1443 1870 1508 sit
1915 1444 2037 1509 sub
2084 1444 2366 1511 Caesare
2412 1450 2609 1528 terra,

1014 1547 1272 1628 Perque
1316 1565 1544 1613 manus
1590 1547 1781 1614 huius
1827 1550 2081 1616 tradita
2125 1552 2344 1634 gentis
2391 1556 2520 1618 eat.

928 1655 1021 1718 At
1066 1659 1140 1722 tu
1187 1656 1323 1718 tam
1368 1652 1643 1737 placido,
1691 1674 1886 1736 quam
1931 1675 2050 1724 nos
2096 1676 2349 1739 quoque
2394 1659 2710 1725 sensimus
2753 1659 2954 1742 illum,

1014 1759 1238 1825 Iudice
1282 1777 1398 1840 pro
1445 1761 1733 1842 lacrimis
1778 1780 1897 1828 ora
1939 1763 2194 1831 resolve
2239 1764 2416 1830 meis.

813 1891 893 1930 10⁶
925 1867 983 1930 N
986 1884 1065 1930 on
1113 1865 1341 1948 petito,
1386 1871 1463 1932 ut
1509 1867 1673 1933 bene
1718 1869 1840 1950 sit3
1887 1870 2002 1934 sed
2047 1869 2147 1935 uti
2191 1870 2363 1936 male
2408 1871 2634 1954 tutius,
2679 1877 2880 1952 utque

1014 1971 1302 2038 Exilium
1346 1989 1545 2039 saevo
1592 1974 1797 2040 distet
1841 1976 1926 2040 ab
1972 1974 2160 2041 hoste
2203 1995 2438 2041 meum:

926 2077 1264 2160 Quamque
1309 2078 1545 2144 dedere
1589 2080 1747 2146 mihi
1793 2082 2170 2162 praesentia
2213 2082 2478 2148 numina
2523 2083 2748 2166 vitam,

1012 2184 1155 2248 Non
1202 2184 1452 2250 adimat
1496 2187 1727 2253 stricto
1772 2189 2107 2268 squalidus
2153 2207 2306 2256 ense
2351 2189 2578 2256 Getes:

920 2290 1236 2373 Denique,
1284 2290 1342 2357 si
1386 2293 1643 2377 moriar,
1688 2294 1954 2360 subeam
1999 2295 2300 2375 pacatius
2345 2315 2593 2380 arvum,

808 2421 892 2462 110
1012 2395 1177 2462 Ossa
1221 2414 1342 2462 nec
1388 2416 1429 2463 a
1474 2398 1787 2480 Scythica
1831 2405 2059 2466 nostra
2105 2406 2484 2482 premantur
2526 2403 2738 2485 humo,

922 2503 1058 2569 Nec
1102 2503 1272 2568 male
1317 2505 1719 2588 compositos,
1764 2511 1843 2571 ut
1887 2507 2140 2572 scilicet
2183 2508 2405 2573 exsule
2450 2508 2732 2590 dig-num,

1010 2609 1294 2676 Bistonii
1340 2611 1589 2679 cineres
1636 2613 1884 2696 ungula
1927 2613 2145 2695 pulset
2190 2615 2372 2695 equi:

921 2716 1015 2781 Et
1059 2735 1158 2800 ne,
1205 2717 1261 2782 si
1307 2724 1605 2799 superest
1650 2718 1890 2799 aliquis
1933 2726 2084 2802 post
2126 2720 2364 2787 funera
2409 2740 2652 2806 sensuS,

1011 2825 1290 2891 Terreat
1336 2830 1405 2890 et
1448 2843 1670 2890 manes
1716 2826 2038 2893 Sarmatis
2083 2828 2315 2893 umbra
2359 2848 2549 2895 meos.

808 2956 890 2995 115
923 2930 1223 2996 Caesaris
1268 2931 1432 2996 haec
1477 2931 1758 2998 animum
1806 2936 2116 3014 poterant
2162 2936 2392 3001 audita
2421 2954 2710 3019 movere,

1010 3036 1313 3119 Maxime,
1358 3037 1716 3103 movissent
1760 3039 1816 3105 si
1863 3044 2085 3107 tamen
2132 3048 2290 3108 ante
2333 3048 2534 3108 tuum.

922 3143 1083 3224 Vox,
1129 3160 1375 3225 precor,
1420 3144 1757 3227 Augustas
1800 3164 1920 3227 pro
1967 3165 2070 3213 me
2115 3153 2235 3214 tua
2278 3148 2532 3214 molliat
2576 3166 2785 3231 aureS,

1010 3248 1274 3317 Auxilio
1321 3250 1595 3331 trepidis
1641 3271 1810 3333 quae
1856 3252 2024 3319 solet
2070 3272 2211 3319 esse
2255 3254 2412 3320 reis:

920 3355 1343 3437 Adsuetaque
1389 3357 1513 3422 tibi
1559 3359 1792 3425 doctae
1836 3359 2178 3425 dulcedine
2222 3359 2488 3443 linguae

804 3486 887 3525 120
1009 3463 1352 3543 Aequandi
1398 3464 1650 3545 superis
1695 3470 1967 3545 pectora
2010 3464 2203 3531 flecte
2246 3465 2393 3532 viri.

919 3568 1063 3634 Non
1110 3568 1237 3633 tibi
1281 3569 1725 3636 Theromedon
1772 3572 2136 3652 crudusque
2181 3572 2526 3654 rogabitur
2568 3572 2830 3653 Atreus,

1009 3674 1262 3757 Quique
1308 3676 1441 3741 suis
1487 3676 1776 3743 homines
1820 3678 2066 3759 pabula
2110 3676 2272 3744 fecit
2317 3678 2523 3758 equis:

918 3781 1044 3847 Sed
1092 3781 1280 3863 piger
1325 3782 1409 3846 ad
1452 3800 1695 3863 poenas
1739 3784 2060 3867 princeps,
2106 3786 2190 3849 ad
2235 3784 2528 3866 praemia
2573 3784 2780 3866 velox,

1006 3886 1265 3969 Quique
1310 3888 1503 3968 dolet,
1550 3889 1851 3969 quotiens
1898 3891 2154 3973 cogitur
2199 3908 2340 3956 esse
2385 3887 2588 3956 ferox,

756 4139 879 4193 105.
915 4136 1373 4211 nmktutiustass
1388 4139 1569 4193 meine
1582 4138 1739 4209 Lago
1750 4157 1896 4193 zwar
2089 4143 2213 4196 115.
2277 4142 2562 4212 poterant]
2601 4142 2678 4193 im
2713 4138 3032 4193 Deutseheu
3071 4138 3218 4193 Kon-

651 4208 930 4273 schlecht‚
978 4208 1115 4260 aber
1158 4208 1315 4261 nicht
1349 4226 1409 4262 so
1444 4207 1761 4291 gafahi-vell
1796 4210 1892 4264 sei.
1972 4210 2217 4280 junktiv.
3179 4276 3192 4290 '

760 4279 883 4333 107.
946 4278 1272 4346 praesentia
1308 4278 1557 4347 memma]
1592 4278 1895 4335 hilfreiche
2087 4279 2210 4335 122.
2283 4279 2596 4349 Diomedes,
2634 4278 2732 4332 der
2766 4276 2959 4348 Konig
2994 4278 3094 4330 der
3126 4275 3218 4329 Βι-

652 4346 925 4413 Gottheit,
964 4345 1265 4417 Augustus.
1294 4345 1306 4354 ‘
1981 4351 2186 4404 stonier
2211 4348 2564 4420 (Thrakien),
2591 4348 2821 4401 futter-te
2844 4348 2994 4400 scine
3012 4344 3218 4400 Pferde

744 4416 883 4485 109.
947 4418 1235 4485 pacatius]
1272 4415 1613 4471 friedlicher.
1981 4421 2084 4472 mit
2119 4417 2642 4485 Menschenfleisch‚
2688 4418 2774 4471 bis
2811 4432 2896 4482 er,
2940 4433 3046 4470 von
3083 4414 3218 4469 Her-

651 4555 688 4608 b
749 4486 880 4540 111.
950 4487 1091 4541 male
1126 4488 1462 4555 compositos]
1504 4488 1892 4542 unordentlich
1981 4490 2140 4543 kules
2175 4490 2408 4561 besiegt,
2445 4486 2695 4541 dasselbe
2719 4486 3009 4542 Schicksal
3045 4486 3219 4539 teilte.

692 4557 969 4625 eigesetzt.
