3684 5275
1529 443 1631 498 No.
1656 443 1725 498 55
1762 445 1855 513 (tr.
1891 443 1945 498 v
1973 443 2079 512 14).
2969 439 3093 504 123

704 645 758 686 55
790 619 1022 686 Omnia
1065 620 1415 686 barbariae
1458 619 1605 686 loca
1647 623 1802 686 sunt
1845 619 2154 700 vocisque
2197 618 2466 701 ferinae,

882 724 1241 808 Omniaque
1282 725 1540 792 hostilis
1584 726 1780 807 plena
1822 725 2057 791 timore
2101 725 2259 791 soni.

795 832 943 913 Ipse
986 831 1143 898 mihi
1189 832 1418 900 videor
1460 833 1590 898 iam
1637 831 2027 898 dedidicisse
2070 831 2336 898 Latine:

882 939 1048 1004 Nam
1094 938 1292 1004 didici
1336 938 1571 1005 Getice
1613 938 2106 1019 Sarmaticeque
2151 937 2345 1020 loqui.

794 1045 854 1110 N
856 1063 929 1110 ec
973 1050 1212 1128 tamen,
1256 1050 1336 1110 ut
1379 1063 1606 1111 verum
1650 1043 1874 1110 fatear
1917 1044 2060 1127 tibi,
2103 1049 2333 1111 nostra
2377 1043 2588 1109 teneri

709 1176 763 1216 σο
880 1153 941 1217 Α
986 1151 1421 1233 componendo
1468 1151 1755 1216 carmine
1798 1151 1992 1217 Musa
2035 1155 2272 1232 potest.

794 1257 1150 1324 Scribimus
1195 1262 1265 1322 et
1309 1257 1589 1338 scriptos
1634 1257 2030 1324 absumimus
2075 1257 2228 1339 igne
2273 1255 2555 1322 libellos:

884 1364 1127 1430 Exitus
1171 1369 1276 1429 est
1318 1363 1521 1430 studii
1563 1381 1775 1445 parva
1824 1363 2062 1430 favilla
2105 1364 2250 1429 mei.

797 1471 934 1536 Nec
976 1487 1237 1552 possum
1282 1475 1353 1536 61
1396 1470 1583 1552 cupio
1628 1487 1758 1536 non
1802 1469 2016 1536 nullos
2062 1470 2297 1536 ducere
2341 1485 2594 1534 versus:

888 1575 1170 1643 Ponitur
1212 1575 1452 1642 idcirco
1496 1557 1722 1642 noster
1770 1576 1841 1642 111
1886 1577 2040 1658 igne
2084 1575 2288 1658 labor,

713 1710 767 1749 «τε»
798 1683 935 1748 Nec
978 1683 1108 1748 nisi
1150 1701 1307 1764 pars
1352 1700 1507 1748 casu
1550 1682 1826 1748 flammis
1874 1686 2104 1764 erepta
2148 1681 2378 1749 dolove

892 1790 1000 1854 Ad
1044 1806 1161 1855 vos
1202 1789 1452 1872 ingenii
1495 1789 1800 1871 pervenit
1842 1788 1986 1854 ulla
2028 1788 2172 1854 mei.

805 1895 913 1962 Sic
957 1895 1225 1980 utinam,
1272 1913 1440 1976 quae
1482 1895 1578 1960 nil
1623 1900 2018 1962 metuentem
2063 1893 2202 1960 tale
2245 1892 2630 1974 magistrum

893 2002 1210 2084 Perdidit,
1253 2002 1325 2066 in
1370 2002 1620 2068 cineres
1664 2004 1795 2067 Ars
1840 2019 1988 2066 mea
2031 2017 2228 2066 versa
2270 1998 2469 2064 foret!

1496 2311 1607 2379 No.
1641 2311 1734 2380 55
1781 2309 1888 2394 (tr.
1936 2309 1993 2372 V
2032 2308 2157 2390 14).

1418 2483 1740 2550 Aristeia
1784 2482 1917 2575 der
1959 2481 2236 2550 Gattin.

812 2658 1077 2741 Quanta
1120 2660 1247 2725 tibi
1293 2660 1578 2725 dederim
1623 2659 1868 2725 nostris
1912 2662 2329 2724 monumenta
2373 2653 2632 2738 libellis,

903 2763 958 2830 Ο
1002 2764 1163 2829 mihi
1206 2783 1310 2831 me
1354 2765 1635 2831 coniunx
1680 2764 1911 2845 carior,
1956 2764 2101 2845 ipsa
2147 2761 2350 2829 vides.

816 2870 1144 2936 Detrahat
1189 2872 1441 2938 auctori
1487 2871 1761 2936 multum
1806 2868 2092 2952 fortuna,
2137 2867 2389 2934 licebit:

906 2977 1008 3040 Tu
1051 2980 1272 3042 tamen
1313 2977 1576 3059 ingenio
1622 2976 1805 3042 clara
1846 2974 2059 3041 ferere
2103 2992 2270 3055 meo;

761 3105 786 3143 ⁵
816 3083 1116 3163 Dumque
1158 3081 1363 3166 legar,
1408 3084 1661 3164 pariter
1703 3100 1953 3148 mecum
1999 3087 2117 3148 tua
2161 3080 2339 3147 fama
2382 3080 2657 3162 legetur,

908 3189 1045 3255 Nec
1088 3194 1274 3272 potes
1318 3190 1388 3254 in
1433 3194 1715 3255 maestos
1762 3188 1969 3255 omnis
2014 3188 2198 3254 abire
2242 3204 2459 3269 rogos3

820 3296 1107 3378 Cumque
1150 3296 1282 3363 viri
1326 3314 1482 3361 casu
1526 3296 1737 3377 possis
1778 3294 2151 3361 miseranda
2194 3293 2425 3376 videri,

909 3402 1213 3472 Invenies
1259 3402 1533 3485 aliquas,
1580 3420 1765 3485 quae,
1812 3403 1985 3483 quod
2029 3420 2116 3485 es,
2163 3418 2304 3466 esse
2349 3398 2576 3480 velint,

822 3509 1005 3592 Quae
1051 3516 1137 3592 te,
1188 3514 1556 3577 nostrorum
1602 3527 1745 3575 cum
1792 3509 1884 3574 sis
1926 3508 1997 3573 in
2041 3511 2235 3589 parte
2278 3504 2610 3586 malorum,

734 3640 789 3679 ιο
908 3614 1193 3682 Felicem
1240 3616 1464 3681 dicant
1507 3615 1977 3695 invideantque
2022 3613 2165 3678 11111.

824 3722 969 3788 Νο11
1014 3740 1134 3805 ego
1182 3722 1452 3788 divitias
1498 3722 1709 3787 dando
1755 3721 1884 3785 tibi
1928 3719 2122 3802 plura
2165 3718 2508 3783 dedissem:

913 3827 1024 3894 Nil
1068 3826 1242 3893 feret
1286 3828 1372 3893 ad
1415 3845 1640 3892 manes
1684 3826 1914 3894 divitis
1957 3825 2190 3891 umbra
2233 3842 2400 3890 suos.

821 3934 1141 4016 Perpetui
1182 3933 1468 4000 fructum
1512 3933 1755 4000 donavi
1797 3931 2074 3998 nominis
2118 3931 2328 4013 idque,

666 4160 757 4216 82.
826 4178 1009 4230 parva
1068 4158 1296 4229 favilla]
1354 4160 1447 4213 ein
1504 4158 1805 4213 Haufchen
2029 4155 2140 4211 No.
2163 4156 2256 4211 55.
2317 4156 2376 4209 3.
2433 4153 2640 4223 licebit]
2675 4169 2744 4205 zu
2779 4148 3040 4205 detrahat
3075 4150 3130 4201 in

566 4226 769 4283 Asche.
1890 4225 2268 4280 konzessivem
2303 4222 2488 4277 Sinne.

668 4299 760 4354 ⁰3.
829 4298 947 4373 nec]
980 4299 1185 4371 gehdrt
1205 4297 1354 4353 auch
1376 4314 1445 4351 zu
1470 4299 1657 4367 cupi03
1692 4312 1807 4352 non
2031 4295 2088 4350 6.
2157 4292 2282 4347 Auf
2299 4295 2474 4347 omm‘s
2504 4290 2644 4363 liegt
2669 4290 2768 4344 der
2791 4288 2940 4343 Ton:
2976 4287 3135 4341 nicht

486 4414 496 4421 .
566 4368 763 4438 nullos]
798 4368 956 4423 ullos.
1891 4380 2035 4488 {unz
2070 4363 2226 4417 wirnt
2270 4362 2348 4416 du
2392 4362 2642 4427 sterben,
2688 4358 2814 4414 weil
2858 4356 3000 4411 eben
3037 4357 3136 4411 der

668 4436 760 4494 88.
830 4439 963 4508 Ars]
1010 4438 1300 4493 amatoria.
1386 4435 1511 4491 Den
1556 4436 1805 4490 116161111-
1948 4434 2082 4487 uhm
2117 4433 2286 4503 iibrig
2319 4432 2545 4486 1116111611
2580 4430 2734 4482 wird.

568 4514 687 4559 satz
709 4522 852 4575 quae
874 4538 944 4547 —
958 4508 1213 4577 perdidit
1233 4506 1548 4561 ubersetze:
1584 4506 1691 4561 ebe
1725 4506 1809 4560 sie
2032 4502 2090 4559 8.
2161 4518 2305 4571 quae
2328 4532 2398 4541 —
2420 4500 2611 4569 velint]
2648 4499 2738 4552 die
2761 4513 2898 4569 gem
2923 4496 3026 4548 mit
3049 4495 3136 4548 dir

566 4576 718 4629 mich
754 4585 859 4633 etc.
1895 4572 2165 4627 tauschen
2201 4571 2478 4625 miichten.
