3684 5275
1455 359 1556 461 No.
1586 405 1651 461 15
1687 406 1771 477 (11
1794 405 2112 478 685—852).
2838 382 2847 393 ’
2973 406 3057 473 39

762 580 871 648 Sic
916 582 1105 665 sedit,
1150 582 1245 649 sic
1289 580 1469 647 culta
1513 580 1660 665 fuit,
1707 582 1804 647 sic
1846 583 2131 649 stamina
2174 585 2377 667 nevit,

849 686 1206 771 Neglectae
1253 686 1416 753 collo
1461 688 1557 753 sic
1600 688 1861 754 iacuere
1906 707 2143 774 comae,

763 794 902 860 Hos
944 794 1181 860 habuit
1224 793 1462 877 voltus,
1507 795 1672 859 haec
1716 794 1816 859 illi
1862 795 2067 862 verba
2114 794 2398 879 fuerunt,

677 925 732 965 oo
849 898 978 966 Hic
1023 900 1214 984 color,
1257 900 1424 966 haec
1467 899 1689 983 facies,
1733 900 1843 966 hic
1888 901 2081 967 decor
2126 902 2256 968 oris
2300 906 2463 968 erat.

763 1006 859 1074 Ut
903 1005 1072 1072 solet
1116 1024 1160 1072 a
1202 1024 1438 1089 magno
1483 1006 1720 1073 fluctus
1764 1006 2189 1089 languescere
2232 1008 2415 1091 flatu,

851 1112 981 1179 Sed
1023 1116 1247 1179 tamen
1292 1130 1334 1177 a
1378 1118 1594 1195 vento,
1641 1113 1754 1193 qui
1797 1112 1945 1197 fuit,
1990 1116 2165 1181 unda
2210 1118 2436 1196 tumet,

764 1219 888 1302 Sic,
934 1218 1234 1300 quamvis
1281 1220 1516 1284 aberat
1559 1219 1850 1301 placitae
1890 1220 2269 1301 praesentia
2313 1220 2579 1304 formae,

853 1324 1057 1409 Quem
1103 1325 1374 1391 dederat
1417 1343 1724 1407 praesens
1767 1324 1996 1409 forma,
2042 1328 2353 1393 manebat
2398 1344 2593 1393 amor.

678 1456 732 1498 95
763 1432 992 1515 Ardet,
1037 1434 1108 1496 et
1151 1431 1379 1497 iniusti
1425 1431 1706 1498 stimulis
1753 1431 2056 1514 agitatur
2098 1432 2352 1500 amoris

855 1537 1205 1619 Comparat
1248 1538 1518 1621 indigno
1563 1538 1823 1619 vimque
1871 1539 2211 1621 dolumque
2256 1544 2416 1606 toro.

767 1644 1025 1710 ‘Exitus
1069 1644 1140 1709 in
1185 1644 1380 1710 dubio
1426 1648 1551 1711 est:
1599 1645 1978 1711 audebimus
2022 1644 2306 1711 ultima!'
2384 1646 2553 1711 dixit

858 1750 1154 1834 ‘Viderit,
1200 1752 1517 1817 audentes
1560 1749 1778 1817 iorsne
1825 1753 2068 1817 deusne
2112 1752 2314 1819 iuvet.

769 1856 1067 1937 Cepimus
1113 1858 1406 1923 audendo
1451 1856 1696 1923 Gabios
1742 1859 2031 1939 quoque!
2120 1857 2288 1923 talia
2332 1858 2513 1924 fatus

650 1984 736 2024 100
853 1963 1032 2029 Ense
1074 1962 1254 2029 latus
1299 1963 1524 2047 cinxit,
1568 1968 1891 2046 tergaque
1934 1964 2175 2046 pressit
2194 2026 2200 2031 .
2219 1965 2384 2045 equi.
2577 1954 2583 1959 ’

769 2070 1032 2150 Accipit
1077 2074 1310 2135 aerata
1353 2070 1652 2135 iuvenem
1699 2068 1983 2135 Collatia
2024 2074 2234 2152 porta,

859 2175 1147 2241 Condere
1191 2176 1320 2240 iam
1367 2175 1588 2242 voltus
1633 2176 1768 2241 sole
1810 2181 2091 2258 parante
2136 2194 2303 2241 suos,

768 2280 1015 2365 Hostis,
1057 2286 1136 2347 ut
1178 2283 1430 2366 hospes,
1475 2282 1601 2347 init
1646 2282 2013 2364 penetralia
2058 2282 2406 2349 Collatina:

860 2387 1146 2454 Comiter
1188 2388 1538 2471 excipitur;
1583 2389 1903 2471 sanguine
1946 2388 2206 2454 iunctus
2251 2393 2414 2455 erat.

654 2519 736 2559 105
767 2494 1099 2578 Quantum
1145 2494 1379 2561 animis
1426 2496 1665 2561 erroris
1708 2495 1915 2561 inest!
1989 2498 2188 2578 parat
2230 2494 2440 2561 inscia
2483 2512 2699 2560 rerum

861 2599 1104 2668 Infelix
1149 2600 1375 2683 epulas
1418 2601 1717 2668 hostibus
1761 2600 1880 2666 illa
1926 2602 2078 2668 suis.

773 2707 1068 2774 Functus
1116 2713 1262 2774 erat
1308 2707 1608 2790 dapibus:
1653 2713 1931 2790 poscunt
1975 2725 2095 2774 sua
2118 2711 2435 2788 ‘tempora
2478 2726 2795 2790 somnum3

862 2813 1008 2880 Nox
1052 2818 1214 2897 erat,
1260 2819 1330 2879 et
1373 2818 1520 2880 tota
1562 2813 1811 2879 lumina
1854 2813 2035 2879 nulla
2080 2815 2282 2878 domo.

776 2917 1020 3003 Surgit,
1067 2925 1136 2986 et
1181 2926 1482 2986 auratum
1526 2920 1772 3002 vagina
1815 2918 2059 2984 liberat
2103 2937 2337 3002 ensem,

663 3049 746 3088 110
863 3023 958 3092 Et
1002 3026 1188 3094 venit
1233 3027 1304 3090 in
1346 3025 1698 3108 thalamos,
1733 3029 1943 3106 nupta
1984 3025 2238 3108 pudica,
2282 3029 2449 3090 tuos.

776 3131 998 3212 thue
1041 3137 1258 3198 torum
1303 3131 1560 3215 pressit,
1607 3129 1886 3213 ‘ferrum,
1930 3131 2257 3215 Lucretia,
2302 3148 2550 3197 mecum
2596 3133 2721 3197 est!

862 3238 1092 3304 Natus'
1139 3239 1236 3303 ait
1281 3238 1474 3322 ‘regis
1519 3237 2039 3318 Tarquiniusque
2083 3237 2347 3318 loquor!

775 3342 904 3409 Illa
945 3344 1136 3412 nihil:
1180 3361 1394 3426 neque
1436 3343 1606 3409 enim
1653 3361 1875 3409 vocem
1920 3345 2223 3425 viresque
2267 3343 2589 3427 loquendi,

865 3451 1004 3517 Aut
1048 3451 1297 3531 aliquid
1341 3454 1484 3516 toto
1529 3455 1795 3532 pectore
1837 3451 2076 3516 mentis
2119 3451 2346 3516 habet:

659 3583 744 3622 ιη
774 3555 904 3623 Sed
947 3557 1191 3640 tremit,
1233 3562 1312 3622 ut
1357 3557 1679 3637 quondam
1723 3555 2003 3622 stabulis
2049 3557 2369 3637 deprensa
2412 3555 2660 3622 relictis

865 3662 1088 3730 Parva
1132 3663 1251 3729 sub
1297 3662 1538 3728 infesto
1585 3681 1729 3728 cum
1773 3662 1949 3728 iacet
1995 3679 2168 3744 agna
2209 3662 2379 3742 lupo.

779 3767 951 3854 Quid
994 3767 1241 3835 faciat?
1332 3768 1622 3851 pugnet?
1712 3769 2019 3835 vincetur
2060 3766 2304 3834 femina
2348 3786 2663 3857 pugnans.

869 3875 1159 3942 Clamet?
1251 3879 1324 3940 at
1366 3875 1436 3940 in
1484 3877 1732 3958 dextra,
1779 3873 1893 3955 qui
1936 3877 2139 3958 vetet,
2185 3873 2359 3939 ensis
2406 3878 2567 3940 erat.

778 3980 1118 4064 Effugiat?
1209 3981 1442 4063 positis
1487 3985 1852 4064 urguentur
1895 3984 2163 4062 pectora
2205 3979 2457 4063 palmiS,

663 4114 746 4154 120
863 4089 1050 4155 Tunc
1092 4087 1369 4168 primum
1414 4092 1689 4153 externa
1733 4091 2001 4168 pectora
2042 4091 2231 4152 tacta
2271 4104 2483 4151 manu.

776 4195 996 4261 Instat
1041 4211 1267 4259 amans
1310 4194 1518 4260 hostis
1562 4193 1863 4274 precibus
1907 4192 2251 4274 pretioque
2294 4191 2639 4274 minisque:

526 4427 532 4432 -
651 4393 744 4448 m.
815 4390 872 4467 a]
907 4391 1208 4463 temporalz
1243 4390 1410 4446 nach.
1841 4389 1981 4444 vird
2026 4388 2201 4443 durch
2238 4390 2331 4444 die
2365 4388 2541 4443 Kraft
2580 4387 2679 4444 der
2714 4387 2915 4442 Hlinde
2960 4387 3083 4457 (des

621 4461 746 4518 104.
815 4463 1108 4534 sanquine]
1144 4460 1656 4517 Verwandtschaft.
1847 4459 2067 4530 Sextus)
2100 4459 2547 4531 niedergepreflt.

623 4531 746 4587 110.
809 4534 1014 4602 positis
1047 4563 1109 4572 —
1140 4531 1368 4603 palmis]
1416 4530 1541 4586 ihre
1589 4530 1758 4585 Brust
