3684 5275
648 435 733 502 92
1718 449 1955 506 Zweiter
1998 451 2142 506 Teil.

856 635 883 676 ι
912 611 1241 695 Quicquid·
1276 617 1451 698 aget,
1498 619 1641 680 c'um
1688 618 1759 680 te
1802 615 2033 680 scierit
2077 614 2354 700 venisse,
2400 617 2746 702 relinquet,

1001 716 1138 784 Nec
1182 737 1380 802 mora,
1425 720 1581 800 quid
1626 721 1856 786 venias
1901 721 2159 804 quidve,
2204 722 2514 803 requiret,
2561 743 2770 808 agam.

916 822 1159 892 Vivere
1202 843 1306 890 me
1350 825 1543 908 dices,
1588 827 1703 892 sed
1747 827 1858 908 sic,
1903 832 1981 894 ut
2025 827 2256 894 vivere
2297 828 2514 911 nolim,

1000 929 1138 996 Nec
1181 931 1357 996 mala
1401 934 1535 997 tam
1579 931 1777 1016 longa
1818 938 2050 1000 nostra
2093 934 2324 1002 levata
2363 953 2573 1017 mora3

914 1037 1006 1101 Et
1050 1041 1271 1102 tamen
1316 1037 1401 1102 ad
1444 1036 1683 1121 Musas,
1726 1040 2027 1120 quamvis
2070 1058 2366 1123 nocuere,
2411 1043 2678 1127 reverti,

826 1167 881 1208 ιο
999 1144 1308 1226 Aptaque
1349 1143 1422 1208 in
1466 1143 1751 1210 alternos
1795 1163 2030 1229 cogere
2072 1146 2280 1213 verba
2321 1148 2538 1229 pedes.

914 1249 1015 1315 Tu
1060 1265 1330 1332 quoque,
1376 1249 1497 1334 dic,
1540 1250 1776 1318 studiis
1822 1251 2264 1318 communibus
2309 1253 2540 1334 ecquid
2583 1253 2904 1339 inhaereS,

999 1355 1339 1437 Doctaque
1380 1373 1513 1422 non
1556 1357 1773 1438 patrio
1820 1357 2112 1423 carmina
2155 1375 2334 1424 more
2379 1359 2604 1427 canis?

911 1462 1078 1528 Nam
1122 1462 1251 1528 tibi
1295 1481 1439 1528 cum
1464 1459 1643 1530 'fatis
1688 1481 1900 1530 mores
1943 1469 2186 1530 natura
2228 1466 2497 1545 pudicos

1001 1569 1096 1635 Et
1138 1587 1323 1634 raras
1368 1571 1555 1635 dotes
1598 1568 2057 1652 ingeniumque
2099 1571 2299 1637 dedit.

824 1702 879 1742 ιε
910 1675 1051 1741 Hoc
1096 1693 1217 1758 ego
1261 1674 1621 1758 Pegasidas
1665 1675 1907 1741 deduxi
1927 1677 2196 1757 primus
2241 1678 2326 1743 ad
2369 1679 2594 1764 undas,

1000 1781 1100 1847 Ne
1143 1779 1313 1846 male
1356 1779 1674 1846 fecundae
1719 1799 1891 1849 vena
1933 1783 2184 1864 periret
2229 1802 2464 1866 aquae3

911 1887 1169 1953 Primus
1213 1887 1283 1953 id
1326 1887 1556 1969 aspexi
1600 1888 1846 1953 teneris
1889 1888 1960 1954 in
2005 1889 2284 1973 virginis
2328 1891 2533 1974 annis,

1004 1994 1221 2074 thue
1262 1997 1456 2076 pater
1499 1997 1699 2060 natae
1744 1994 2004 2076 duxque
2049 2013 2388 2078 comesque
2432 1995 2548 2062 fui.

910 2101 1087 2183 Ergo
1133 2101 1191 2166 si
1235 2104 1574 2166 remanent
1617 2100 1805 2183 ignes
1850 2101 1977 2167 tibi
2020 2102 2302 2182 pectoris
2345 2103 2533 2186 idem,

820 2233 877 2272 so
994 2206 1149 2274 Sola
1192 2211 1378 2272 tuum
1422 2211 1613 2274 vates
1655 2206 1900 2273 Lesbia
1945 2207 2170 2274 vincet
2213 2225 2390 2289 opus.

909 2313 1039 2381 Sed
1080 2330 1329 2397 vereor,
1374 2330 1459 2380 ne
1500 2317 1573 2378 te
1616 2330 1763 2378 mea
1805 2330 1979 2379 nunc
2022 2311 2291 2379 fortuna
2333 2315 2646 2398 retardet,

996 2419 1285 2500 Postque
1327 2435 1503 2484 meos
1546 2437 1738 2484 casus
1782 2419 1876 2486 sit
1919 2419 2044 2485 tibi
2087 2424 2318 2501 pectus
2361 2419 2556 2486 iners.

906 2525 1077 2591 Dum
1121 2524 1327 2608 licuit,
1372 2530 1491 2590 tua
1534 2541 1730 2606 saepe
1772 2524 1951 2608 mihi,
1997 2525 2122 2591 tibi
2167 2530 2395 2591 nostra
2438 2526 2761 2610 legebam3

995 2631 1206 2715 Saepe
1249 2631 1351 2697 tui
1394 2631 1610 2716 iudex,
1654 2651 1851 2715 saepe
1895 2631 2212 2715 magister
2257 2651 2462 2700 eram:

817 2765 873 2806 η
903 2737 1043 2805 Aut
1087 2756 1209 2823 ego
1254 2739 1645 2821 praebebam
1689 2738 1888 2805 factis
1932 2739 2118 2805 modo
2161 2740 2462 2807 versibus
2506 2758 2715 2823 aures,

993 2846 1150 2927 Aut,
1195 2845 1308 2911 ubi
1354 2862 1659 2927 cessares,
1704 2863 1903 2911 causa
1947 2845 2206 2911 ruboris
2248 2864 2444 2911 eram.

903 2950 1213 3019 Forsitan
1260 2951 1573 3035 exemplo,
1618 2950 1771 3031 quia
1816 2970 1921 3017 me
1963 2951 2213 3018 laesere
2257 2952 2484 3035 libelli,

994 3058 1095 3124 Tu
1139 3075 1394 3138 quoque
1438 3056 1529 3122 sis
1574 3054 1626 3143 †
1670 3075 1920 3138 poenae
1962 3058 2146 3125 facta
2187 3064 2418 3125 secuta
2460 3076 2660 3125 meae.

902 3165 1100 3247 Pone,
1145 3162 1411 3245 Perille,
1455 3167 1724 3244 metum3
1772 3165 2218 3231 tantummodo
2263 3165 2510 3231 femina
2552 3164 2734 3230 nulla

814 3298 869 3338 ³0
990 3270 1172 3338 Neve
1216 3268 1323 3336 vir
1367 3286 1409 3333 a
1450 3267 1714 3351 scriptis
1760 3269 1973 3336 discat
2018 3289 2238 3337 amare
2282 3270 2447 3335 tuis!

900 3376 1081 3459 Ergo
1127 3374 1415 3440 desidiae
1458 3392 1737 3456 remove,
1783 3375 2172 3457 doctissima,
2219 3394 2466 3458 causas,

990 3482 1199 3563 Inque
1240 3481 1447 3546 bonas
1492 3483 1673 3545 artes
1716 3483 1787 3545 et
1830 3485 1952 3544 tua
1994 3497 2184 3547 sacra
2227 3481 2392 3547 redi!

901 3590 1044 3655 Ista
1086 3588 1321 3653 decens
1365 3586 1568 3652 facies
1611 3585 1826 3668 longis
1872 3585 2224 3653 vitiabitur
2267 3586 2474 3670 annis,

988 3695 1309 3776 Rugaque
1351 3692 1422 3757 in
1468 3693 1741 3773 antiqua
1784 3690 2004 3758 fronte
2048 3692 2272 3759 senilis
2317 3693 2470 3773 erit;

812 3826 866 3867 aa
896 3802 1263 3880 Inicietque
1305 3816 1567 3864 manum
1612 3798 1862 3865 formae
1907 3798 2216 3865 damnosa
2259 3803 2577 3884 senectus,

735 4016 846 4073 Ro.
867 4016 961 4072 89.
1033 4016 1123 4071 1⁰.
1184 4014 1427 4069 alternos
1439 3999 1615 4083 pcd‘es
1656 4014 1750 4068 die
1773 4013 1872 4067 Di·
2063 4013 2153 4069 22).
2226 4012 2388 4068 Sina:
2425 4032 2583 4071 wenn
2620 4015 2696 4070 du
2731 4031 2836 4069 nur
2862 4014 2996 4070 kein
3019 4016 3202 4073 Werk

632 4086 865 4153 nioben,
888 4086 947 4139 in
971 4084 1151 4139 denen
1169 4084 1506 4139 Hexameter
1530 4100 1604 4137 un
1668 4083 1873 4138 Penta-
1957 4084 2066 4138 wie
2111 4083 2205 4138 die
2250 4099 2340 4137 ars
2385 4085 2660 4141 amatoria
2702 4084 3003 4159 schreibst,
3048 4086 3197 4142 daun

630 4163 807 4211 meter
837 4154 1205 4239 abweebaeln.
1466 4223 1481 4237 .
1959 4153 2088 4207 hant
2119 4152 2200 4207 du
2232 4153 2416 4207 nicht·
2449 4170 2521 4209 zu
2559 4154 2907 4209 befflrohten.

736 4226 828 4352 R:
898 4224 1114 4349 Periiffl
1144 4310 1263 4347 war
1291 4221 1779 4348 3133?th
1814 4291 1873 4345 in
1961 4254 2411 4381 ἀετδξᾎθίἰὲοξῃ]
2435 4257 2550 4381 ge
2560 4256 3044 4381 ΜῙὶἒξιξῙὲ-ῗὲὓὲὅ
3093 4260 3198 4313 mit

630 4365 730 4419 der
770 4363 1126 4419 Dichtkunst.
1662 4390 1669 4395 -
2792 4345 2831 4397 p
2857 4345 2936 4383 er.

734 4436 825 4491 2⁰.
898 4432 1159 4490 Gemeint
1192 4434 1265 4515 ist
1286 4430 1367 4487 Sa
1395 4432 1538 4515 pho,
1572 4430 1665 4487 die
1802 4432 1874 4486 Be
2061 4428 2153 4485 ⁸8.
2207 4429 2420 4499 deam]
2437 4429 2624 4483 schlin.
2642 4430 3040 4501 -vo’u‘abitufl
3057 4432 3196 4485 vird

700 4504 979 4559 ‘echische
1004 4502 1316 4571 Dichter-m,
1413 4517 1444 4556 e
1478 4500 1582 4556 auf
1598 4500 1700 4556 der
1818 4501 1872 4556 el
1960 4497 2206 4553 mutent
2240 4500 2476 4555 werden.

742 4574 847 4629 bos
880 4573 1123 4646 geboren
1160 4588 1291 4625 war.
