3684 5275
503 408 508 413 ,
558 350 602 416 6
1673 360 2016 432 Einleitung.

915 524 1180 607 Nomen,
1227 523 1310 589 ab
1357 522 1652 603 exequiis
1695 524 1868 604 quod
1913 525 2073 590 dare
2116 522 2294 591 fama
2338 525 2520 593 solet.

827 632 980 715 Nee,
1027 630 1139 711 qui
1185 630 1515 695 detrectat
1558 630 1956 713 praesentia,
2000 630 2206 699 Livor
2248 632 2472 712 iniquo

915 738 1136 805 Ullum
1181 736 1263 802 de
1305 735 1551 801 nostris
1593 737 1792 801 dente
1835 737 2180 803 momordit
2224 755 2399 820 opus.

707 870 792 911 ιιι
822 844 991 909 Nam
1035 842 1314 909 tulerint
1357 860 1628 925 magnos
1673 858 1819 908 eum
1864 842 2129 910 saecula
2172 849 2399 911 nostra
2441 848 2690 928 poetas,

916 951 1062 1017 Non
1105 948 1238 1015 fuit
1278 948 1542 1031 ingenio
1587 946 1767 1015 fama
1811 949 2104 1033 maligna
2146 969 2307 1035 meo,

828 1057 1114 1137 Cumque
1161 1074 1282 1139 ego
1326 1073 1723 1138 praeponam
1767 1056 2007 1123 multos
2050 1056 2227 1142 mihi,
2271 1076 2403 1126 non
2447 1058 2654 1124 minor
2698 1058 2831 1125 illis

915 1164 1118 1230 Dicor
1163 1166 1233 1229 et
1275 1162 1346 1228 in
1391 1165 1534 1228 toto
1579 1160 1895 1243 plurimus
1938 1165 2099 1230 orbe
2142 1163 2345 1247 legor.

828 1270 1052 1351 Siquid
1100 1269 1350 1335 habent
1391 1267 1600 1351 igitur
1644 1272 1876 1337 vatum
1918 1269 2269 1353 praoeagia
2313 1272 2475 1355 veri,

707 1404 792 1445 1⁸0
911 1375 1224 1443 Protinus
1267 1380 1346 1442 ut
1388 1375 1649 1459 moriar,
1693 1393 1822 1441 non
1866 1392 1997 1459 ero,
2042 1379 2244 1459 terra,
2288 1380 2459 1445 tuus,

826 1482 984 1550 Sive
1027 1482 1261 1550 favore
1304 1482 1448 1565 tuli,
1495 1481 1638 1549 sive
1682 1482 1855 1547 hano
1901 1500 2021 1565 ego
2068 1482 2356 1550 carmine
2398 1483 2659 1569 famam,

915 1590 1070 1655 Iure
1114 1588 1241 1655 tibi
1283 1594 1529 1672 grates,
1575 1587 1851 1654 candide
1895 1589 2117 1673 lector,
2164 1607 2305 1671 ago.

700 1744 825 1801 122.
895 1746 987 1815 ab]
1025 1752 1137 1799 erut
1169 1744 1334 1798 nach.
2030 1744 2154 1799 130.
2189 1750 2253 1799 ut
2285 1745 2593 1801 konzeeniv:
2608 1752 2819 1818 gesetzt
2830 1748 3129 1815 aueh,dass.

563 1884 636 1940 v·
675 1815 829 1953 ἐξὲξ..
901 1815 1038 1884 cum]
1084 1830 1244 1869 wenn
1293 1813 1442 1869 auch
1482 1814 1707 1883 (ebenso
1743 1814 1802 1865 in
2029 1813 2154 1869 131.
2250 1830 2411 1871 avare
2446 1817 2524 1869 im
2549 1815 2862 1889 Gogensatz
2896 1836 2965 1871 zu
2992 1819 3133 1874 iure.
