3684 5275
628 419 750 486 104
1696 431 1935 486 Zweiter
1978 431 2122 486 Teil.

893 595 1115 676 thue
1158 611 1345 660 suum
1390 593 1647 662 Bacche
1692 612 1825 661 non
1868 595 2074 660 sentit
2111 595 2342 660 saucia
2388 594 2644 676 vulnus,

980 700 1151 767 Dum
1197 691 1433 782 stupet
1465 701 1685 768 Idaeis
1728 700 2071 767 exululata
2115 701 2338 784 modis,

892 805 1001 872 Sic
1044 806 1161 872 ubi
1204 811 1384 874 mota
1428 807 1649 874 calent
1691 807 1892 874 viridi
1935 826 2082 873 mea
2123 812 2394 889 pectora
2437 807 2684 889 thyrso,

982 913 1203 979 Altior
1244 914 1526 979 humano
1571 913 1843 994 spiritus
1887 913 2002 979 ille
2047 913 2217 979 malo
2264 919 2382 979 est.

805 1045 861 1085 45
892 1018 1016 1085 Ille
1061 1037 1183 1087 nec
1227 1019 1509 1102 exilium,
1556 1019 1851 1102 Scythici
1892 1038 2014 1086 nec
2059 1020 2258 1086 litora
2301 1020 2505 1102 ponti,

982 1125 1107 1192 Ille
1151 1143 1273 1192 nec
1314 1126 1523 1192 iratos
1568 1127 1776 1192 sentit
1818 1125 2064 1194 habere
2108 1127 2278 1194 deos

896 1231 1117 1313 thue
1161 1231 1565 1314 soporiferae
1606 1232 1899 1298 biberem
1944 1235 2004 1300 si
2047 1233 2281 1315 pocula
2325 1232 2587 1314 Lethea,
2709 1265 2717 1274 ·

984 1339 1320 1419 Temporis
1366 1338 1629 1405 adversi
1674 1339 1769 1405 sic
1812 1341 1973 1405 mihi
2019 1357 2247 1406 sensus
2291 1339 2496 1405 abest.

895 1445 1049 1510 Iure
1094 1445 1250 1511 deas
1293 1444 1501 1528 igitur
1544 1463 1823 1513 veneror
1867 1445 2042 1512 mala
2087 1448 2313 1512 nostra
2358 1445 2675 1526 levanteS,

805 1577 861 1616 ω
981 1550 1317 1618 Sollicitae
1362 1552 1633 1618 comites
1679 1570 1761 1617 ex
1805 1552 2121 1620 Helicone
2167 1551 2384 1634 fugae,

891 1655 987 1722 Et
1030 1658 1273 1739 partim
1316 1658 1551 1742 pelago
1595 1659 1838 1741 partim
1884 1659 2173 1741 vestigia
2215 1664 2400 1724 terra

985 1764 1112 1829 Vel
1155 1769 1305 1829 rate
1351 1765 1657 1848 dignatas
1702 1767 1812 1832 vel
1857 1767 2022 1848 pede
2065 1769 2293 1832 nostra
2336 1764 2538 1845 sequi.

894 1869 1059 1954 Sint,
1102 1889 1351 1953 precor,
1394 1871 1559 1938 haec
1602 1872 1837 1939 saltem
1884 1870 2113 1937 faciles
2155 1871 2342 1936 mibi!
2417 1888 2695 1950 namque
2742 1872 3003 1936 deorum

985 1977 1222 2043 Cetera
1268 1995 1411 2043 cum
1456 1997 1693 2061 magno
1739 1979 2021 2044 Caesare
2065 1978 2266 2043 turba
2310 1976 2493 2061 facit,

806 2109 861 2148 55
892 2082 1128 2166 Meque
1172 2087 1275 2150 tot
1319 2085 1615 2152 adversis
1660 2084 2012 2169 cumulant,
2058 2088 2218 2166 quot
2261 2083 2420 2150 litus
2467 2101 2720 2160 arenaS,

983 2190 1287 2275 Quotque
1330 2190 1573 2257 fretum
1616 2191 1848 2273 pisces,
1894 2209 2149 2273 ovaque
2193 2190 2390 2272 piscis
2435 2189 2654 2254 habet.

894 2295 1069 2362 Vere
1112 2297 1295 2378 prius
1340 2297 1547 2376 flores,
1594 2301 1782 2363 aestu
1826 2297 2202 2363 numerabis
2247 2296 2507 2378 aristaS,

983 2402 1188 2468 Poma
1230 2423 1349 2485 per
1394 2411 1774 2470 autumnum
1818 2403 2304 2486 frigoribusque
2347 2402 2552 2483 niveS,

897 2507 1107 2591 Quam
1152 2509 1344 2592 mala,
1391 2528 1560 2592 quae
1604 2514 1746 2576 toto
1790 2511 2014 2591 patior
2055 2509 2345 2575 iactatus
2388 2509 2460 2573 in
2505 2508 2678 2589 orbe,

807 2638 864 2678 eo
983 2614 1155 2681 Dum
1200 2615 1397 2683 miser
1438 2615 1687 2683 Euxini
1729 2616 1932 2684 litora
1977 2617 2173 2684 laeva
2217 2621 2387 2699 peto.

896 2721 1032 2788 Nec
1077 2727 1315 2808 tamen,
1362 2730 1439 2791 ut
1483 2724 1654 2808 veni,
1700 2724 1912 2790 levior
1954 2723 2223 2790 fortuna
2268 2721 2585 2789 malorum
2631 2725 2757 2786 est:

987 2827 1137 2895 Huc
1181 2849 1437 2913 quoque
1480 2836 1634 2899 sunt
1677 2836 1940 2897 nostras
1985 2830 2132 2895 fata
2175 2834 2403 2895 secuta
2449 2828 2611 2895 vias.

897 2932 1028 3000 Hic
1072 2953 1324 3018 quoque
1370 2956 1683 3021 cognosco
1726 2937 1972 3003 natalis
2017 2936 2300 3002 stamina
2343 2934 2569 3017 nostri,

987 3041 1287 3109 Stamina
1331 3046 1412 3110 de
1456 3044 1643 3127 nigro
1690 3044 1938 3111 vellere
1983 3041 2168 3111 facta
2209 3042 2387 3108 mihi.

810 3174 865 3213 aa
896 3148 1117 3228 thue
1163 3166 1282 3215 nec
1328 3150 1597 3217 insidias
1644 3150 2010 3232 capitisque
2054 3150 2348 3232 pericula
2390 3166 2668 3230 narrem,

988 3254 1166 3321 Vera
1210 3256 1485 3340 quidem,
1532 3256 1677 3324 veri
1720 3258 1836 3323 sed
1880 3258 2194 3341 graviora
2237 3256 2388 3322 fide:

898 3359 1143 3427 Vivere
1189 3381 1381 3444 quam
1426 3364 1733 3429 miserum
1778 3369 1883 3430 est
1925 3364 2104 3429 inter
2146 3364 2509 3441 Bessosque
2551 3360 2887 3439 Getasque

986 3466 1197 3551 Illum,
1245 3469 1357 3549 qui
1401 3470 1623 3552 populi
1667 3489 1924 3554 semper
1965 3471 2036 3536 in
2082 3488 2195 3535 ore
2239 3468 2395 3535 fuit!

899 3571 1109 3655 Quam
1157 3576 1461 3643 miserum
1508 3581 1627 3660 est,
1674 3582 1868 3659 porta
1913 3578 2120 3645 vitam
2165 3591 2477 3655 muroque
2523 3574 2713 3657 tueri,

736 3786 829 3842 42.
897 3794 1098 3859 πυροί]
1124 3805 1223 3844 vor
1245 3790 1653 3865 Begeisteruug
1688 3794 1761 3847 ist
1794 3795 1874 3847 sie

632 3856 913 3927 geflihllos
950 3876 1129 3943 gagen
1165 3859 1258 3914 die
1294 3861 1641 3918 Auflenwelt.

663 3996 677 4011 ο
738 3927 835 4058 {43
900 3930 1155 4000 spm]
1190 3929 1599 4003 Begeisterung
1640 3933 1874 4001 (dicme-

632 4012 740 4050 mc
782 4014 813 4051 e
840 4037 855 4050 .

737 4067 836 4124 5⁰.
907 4067 1096 4140 fuyac]
1134 4068 1530 4142 Verbannung.

738 4138 831 4193 51.
902 4136 1000 4190 Bis
1024 4136 1397 4194 Samothrake
1430 4140 1581 4212 leg-te
1605 4140 1751 4195 ovid
1786 4143 1878 4195 die

632 4206 801 4261 Beise
836 4206 985 4261 nach
1008 4206 1173 4262 Tomi
1204 4226 1271 4262 zu
1296 4208 1481 4264 Sohiff
1524 4228 1633 4265 von
1669 4211 1743 4265 da
1778 4211 1884 4265 auf

634 4277 763 4331 dem
796 4276 1115 4348 Landwege
1150 4279 1375 4333 zun'ick.
1446 4251 1577 4352 Vgl.
1615 4280 1718 4335 No.
1744 4281 1829 4335 36.

636 4346 1167 4470 ihrgss’wgrifssaht?
1193 4365 1303 4471 teoe
1360 4348 1519 4403 nicht
1570 4348 1663 4403 fur
1713 4356 1878 4405 unter

762 4434 789 4469 r
1250 4436 1302 4473 n.

739 4486 831 4542 54.
900 4486 1089 4553 facore
1107 4503 1225 4542 cnm
1242 4488 1449 4559 aliquo]
1468 4489 1574 4542 auf
1585 4490 1878 4559 jemandea

634 4554 783 4610 Seite
837 4556 1059 4626 stehen,
1114 4574 1177 4611 es
1228 4557 1331 4611 mit
1382 4557 1499 4611 ihm
1548 4558 1759 4614 halteu.
1808 4591 1876 4601 —

1967 3792 2222 3861 caesare]
2249 3792 2300 3845 A
2533 3830 2550 3873 2
2587 3789 2686 3843 der
2709 3788 2888 3842 durch
2914 3787 3004 3839 die
3027 3784 3206 3839 Wahl

1963 3864 2060 3917 des
2096 3860 2353 3914 Aundruc
2395 3874 2453 3913 es
2490 3858 2612 3913 hier
2647 3856 2922 3913 ebenfalln
2957 3856 3042 3910 als
3065 3854 3206 3910 Gott

1961 3930 2198 4003 gefeiert
2229 3930 2386 3982 vird.
2458 3928 2592 4000 vgl.
2627 3926 2732 3983 No.
2757 3928 2841 3991 31,
2869 3925 2952 3979 12.

2067 4018 2159 4074 58.
2227 4013 2400 4089 nives]
2443 4014 2896 4071 Schneeflocken.

2067 4106 2159 4160 60.
2232 4104 2409 4174 laeva]
2445 4100 2714 4157 westlich.

2067 4192 2161 4246 61.
2231 4196 2296 4244 ut
2328 4190 2485 4261 veni]
2516 4188 2792 4245 nacbdem
2815 4186 2911 4240 ich
2937 4188 3086 4241 daun
3109 4204 3202 4239 au-

1962 4261 2292 4334 gekommen
2315 4278 2459 4330 wax-3
2487 4258 2559 4315 V.
2584 4258 2792 4313 57—60
2813 4256 3060 4329 bezogen
3084 4255 3203 4309 sich

1964 4330 2069 4385 auf
2122 4329 2214 4384 die
2273 4329 2716 4398 Entbehruugeu
2785 4326 3049 4381 viihreud
3108 4324 3207 4379 der

1963 4401 2144 4456 Fahrt
2184 4401 2330 4455 nach
2366 4399 2546 4453 Tomi.

2068 4488 2161 4544 68.
2231 4488 2355 4541 veri
2383 4515 2450 4525 —
2482 4483 2612 4552 fide]
2646 4482 2963 4537 schlimmer
2987 4482 3072 4535 alu
3093 4482 3202 4535 dass

1965 4576 2094 4612 man
2131 4575 2188 4612 ea
2224 4555 2470 4627 glauben
2505 4553 2730 4607 kiinnte.
2977 4582 3004 4591 .·
3053 4574 3062 4585 ·
3194 4578 3198 4582 -
