<?xml version="1.0" encoding="UTF-8"?>
<!DOCTYPE html PUBLIC "-//W3C//DTD XHTML 1.0 Transitional//EN"
    "http://www.w3.org/TR/xhtml1/DTD/xhtml1-transitional.dtd">
<html xmlns="http://www.w3.org/1999/xhtml" xml:lang="en" lang="en">
 <head>
  <title>
</title>
<meta http-equiv="Content-Type" content="text/html;charset=utf-8" />
  <meta name='ocr-system' content='tesseract 3.04.00' />
  <meta name='ocr-capabilities' content='ocr_page ocr_carea ocr_par ocr_line ocrx_word'/>
</head>
<body>
  <div class='ocr_page' id='page_1' title='image "./fastitristiaepi00brangoog_0077.png"; bbox 0 0 3684 5275; ppageno 0'>
   <div class='ocr_carea' id='block_1_1' title="bbox 1400 412 3001 483">
    <p class='ocr_par' dir='ltr' id='par_1_1' title="bbox 1400 412 3001 483">
     <span class='ocr_line' id='line_1_1' title="bbox 1400 412 3001 483; baseline -0.002 -14"><span class='ocrx_word' id='word_1_1' title='bbox 1400 412 1504 469; x_wconf 80' lang='lat' dir='ltr'><strong>No.</strong></span> <span class='ocrx_word' id='word_1_2' title='bbox 1530 412 1598 483; x_wconf 71' lang='lat'><strong>28</strong></span> <span class='ocrx_word' id='word_1_3' title='bbox 1635 412 1686 481; x_wconf 79' lang='grc' dir='ltr'><strong>(Ι</strong></span> <span class='ocrx_word' id='word_1_4' title='bbox 1715 412 2031 481; x_wconf 71' lang='lat' dir='ltr'><strong>149-1eo).</strong></span> <span class='ocrx_word' id='word_1_5' title='bbox 2918 415 3001 480; x_wconf 79' lang='lat'><strong>65</strong></span> 
     </span>
    </p>
   </div>
   <div class='ocr_carea' id='block_1_2' title="bbox 615 587 2852 2583">
    <p class='ocr_par' dir='ltr' id='par_1_2' title="bbox 615 587 2852 2583">
     <span class='ocr_line' id='line_1_2' title="bbox 791 587 2369 671; baseline 0.001 -18"><span class='ocrx_word' id='word_1_6' title='bbox 791 588 973 671; x_wconf 83' lang='lat' dir='ltr'><strong>Quae</strong></span> <span class='ocrx_word' id='word_1_7' title='bbox 1017 587 1277 653; x_wconf 84' lang='lat' dir='ltr'><strong>latuere</strong></span> <span class='ocrx_word' id='word_1_8' title='bbox 1318 588 1520 671; x_wconf 85' lang='lat' dir='ltr'><strong>prius,</strong></span> <span class='ocrx_word' id='word_1_9' title='bbox 1563 588 1774 653; x_wconf 85' lang='lat' dir='ltr'><strong>multa</strong></span> <span class='ocrx_word' id='word_1_10' title='bbox 1815 591 2085 668; x_wconf 81' lang='lat' dir='ltr'><strong>reperta</strong></span> <span class='ocrx_word' id='word_1_11' title='bbox 2128 588 2369 657; x_wconf 85' lang='lat' dir='ltr'><strong>ferunt.</strong></span> 
     </span>
     <span class='ocr_line' id='line_1_3' title="bbox 703 692 2647 775; baseline 0.002 -17"><span class='ocrx_word' id='word_1_12' title='bbox 703 693 894 759; x_wconf 87' lang='lat' dir='ltr'><strong>Hanc</strong></span> <span class='ocrx_word' id='word_1_13' title='bbox 937 692 1278 775; x_wconf 86' lang='lat' dir='ltr'><strong>quisquam</strong></span> <span class='ocrx_word' id='word_1_14' title='bbox 1322 693 1518 759; x_wconf 87' lang='lat' dir='ltr'><strong>titulo</strong></span> <span class='ocrx_word' id='word_1_15' title='bbox 1565 694 1805 761; x_wconf 80' lang='lat' dir='ltr'><strong>mensis</strong></span> <span class='ocrx_word' id='word_1_16' title='bbox 1851 694 2136 775; x_wconf 82' lang='lat' dir='ltr'><strong>spoliare</strong></span> <span class='ocrx_word' id='word_1_17' title='bbox 2178 696 2445 761; x_wconf 82' lang='lat' dir='ltr'><strong>secundi</strong></span> <span class='ocrx_word' id='word_1_18' title='bbox 2576 727 2581 761; x_wconf 70' lang='lat' dir='ltr'><strong>e</strong></span> <span class='ocrx_word' id='word_1_19' title='bbox 2642 728 2647 739; x_wconf 95' lang='lat'>·</span> 
     </span>
     <span class='ocr_line' id='line_1_4' title="bbox 793 797 2279 881; baseline 0.001 -16"><span class='ocrx_word' id='word_1_20' title='bbox 793 798 1097 865; x_wconf 77' lang='lat' dir='ltr'><strong>Audeat?</strong></span> <span class='ocrx_word' id='word_1_21' title='bbox 1187 818 1230 865; x_wconf 88' lang='lat' dir='ltr'><strong>a</strong></span> <span class='ocrx_word' id='word_1_22' title='bbox 1273 799 1460 867; x_wconf 88' lang='lat' dir='ltr'><strong>nobis</strong></span> <span class='ocrx_word' id='word_1_23' title='bbox 1503 800 1595 865; x_wconf 89' lang='lat' dir='ltr'><strong>sit</strong></span> <span class='ocrx_word' id='word_1_24' title='bbox 1636 797 1822 865; x_wconf 90' lang='lat' dir='ltr'><strong>furor</strong></span> <span class='ocrx_word' id='word_1_25' title='bbox 1866 800 1995 867; x_wconf 88' lang='lat' dir='ltr'><strong>iste</strong></span> <span class='ocrx_word' id='word_1_26' title='bbox 2037 800 2279 881; x_wconf 88' lang='lat' dir='ltr'><strong>procul.</strong></span> 
     </span>
     <span class='ocr_line' id='line_1_5' title="bbox 615 905 2852 993; baseline 0.003 -25"><span class='ocrx_word' id='word_1_27' title='bbox 615 930 670 969; x_wconf 76' lang='lat'><strong>45</strong></span> <span class='ocrx_word' id='word_1_28' title='bbox 699 905 887 989; x_wconf 83' lang='lat' dir='ltr'>Quid,</span> <span class='ocrx_word' id='word_1_29' title='bbox 933 906 1103 986; x_wconf 92' lang='lat' dir='ltr'><strong>quod</strong></span> <span class='ocrx_word' id='word_1_30' title='bbox 1147 905 1387 987; x_wconf 90' lang='lat' dir='ltr'><strong>ubique</strong></span> <span class='ocrx_word' id='word_1_31' title='bbox 1430 909 1663 986; x_wconf 89' lang='lat' dir='ltr'><strong>potens</strong></span> <span class='ocrx_word' id='word_1_32' title='bbox 1709 906 2098 987; x_wconf 75' lang='lat' dir='ltr'><strong>templisque</strong></span> <span class='ocrx_word' id='word_1_33' title='bbox 2141 905 2593 988; x_wconf 76' lang='lat' dir='ltr'><strong>frequentibus</strong></span> <span class='ocrx_word' id='word_1_34' title='bbox 2640 915 2852 993; x_wconf 85' lang='lat' dir='ltr'><strong>aucta,</strong></span> 
     </span>
     <span class='ocr_line' id='line_1_6' title="bbox 792 1011 2347 1081; baseline 0.001 -3"><span class='ocrx_word' id='word_1_35' title='bbox 792 1011 974 1078; x_wconf 85' lang='lat' dir='ltr'><strong>Urbe</strong></span> <span class='ocrx_word' id='word_1_36' title='bbox 1018 1014 1241 1077; x_wconf 83' lang='lat' dir='ltr'><strong>tamen</strong></span> <span class='ocrx_word' id='word_1_37' title='bbox 1284 1016 1512 1078; x_wconf 85' lang='lat' dir='ltr'><strong>nostra</strong></span> <span class='ocrx_word' id='word_1_38' title='bbox 1554 1012 1658 1079; x_wconf 88' lang='lat' dir='ltr'><strong>ius</strong></span> <span class='ocrx_word' id='word_1_39' title='bbox 1705 1013 1828 1079; x_wconf 84' lang='lat' dir='ltr'><strong>dea</strong></span> <span class='ocrx_word' id='word_1_40' title='bbox 1872 1012 2083 1081; x_wconf 85' lang='lat' dir='ltr'><strong>maius</strong></span> <span class='ocrx_word' id='word_1_41' title='bbox 2126 1012 2347 1079; x_wconf 86' lang='lat' dir='ltr'><strong>habet.</strong></span> 
     </span>
     <span class='ocr_line' id='line_1_7' title="bbox 704 1117 2431 1202; baseline 0.001 -19"><span class='ocrx_word' id='word_1_42' title='bbox 704 1118 834 1183; x_wconf 92' lang='lat' dir='ltr'><strong>Pro</strong></span> <span class='ocrx_word' id='word_1_43' title='bbox 879 1118 1096 1200; x_wconf 82' lang='lat' dir='ltr'><strong>Troia,</strong></span> <span class='ocrx_word' id='word_1_44' title='bbox 1141 1118 1450 1201; x_wconf 87' lang='lat' dir='ltr'><strong>Romane,</strong></span> <span class='ocrx_word' id='word_1_45' title='bbox 1495 1122 1615 1183; x_wconf 87' lang='lat' dir='ltr'><strong>tua</strong></span> <span class='ocrx_word' id='word_1_46' title='bbox 1659 1118 1883 1184; x_wconf 88' lang='lat' dir='ltr'><strong>Venus</strong></span> <span class='ocrx_word' id='word_1_47' title='bbox 1927 1137 2110 1199; x_wconf 83' lang='lat' dir='ltr'><strong>arma</strong></span> <span class='ocrx_word' id='word_1_48' title='bbox 2154 1117 2431 1202; x_wconf 86' lang='lat' dir='ltr'><strong>ferebat,</strong></span> 
     </span>
     <span class='ocr_line' id='line_1_8' title="bbox 794 1222 2451 1307; baseline 0.002 -18"><span class='ocrx_word' id='word_1_49' title='bbox 794 1223 952 1290; x_wconf 84' lang='lat' dir='ltr'><strong>Cum</strong></span> <span class='ocrx_word' id='word_1_50' title='bbox 997 1224 1247 1307; x_wconf 89' lang='lat' dir='ltr'><strong>gemuit</strong></span> <span class='ocrx_word' id='word_1_51' title='bbox 1279 1228 1584 1290; x_wconf 86' lang='lat' dir='ltr'><strong>teneram</strong></span> <span class='ocrx_word' id='word_1_52' title='bbox 1631 1223 1897 1305; x_wconf 84' lang='lat' dir='ltr'><strong>cuspide</strong></span> <span class='ocrx_word' id='word_1_53' title='bbox 1940 1222 2125 1290; x_wconf 88' lang='lat' dir='ltr'><strong>laesa</strong></span> <span class='ocrx_word' id='word_1_54' title='bbox 2168 1243 2451 1292; x_wconf 85' lang='lat' dir='ltr'><strong>manum:</strong></span> 
     </span>
     <span class='ocr_line' id='line_1_9' title="bbox 706 1330 2192 1412; baseline 0.001 -17"><span class='ocrx_word' id='word_1_55' title='bbox 706 1330 1165 1412; x_wconf 79' lang='lat' dir='ltr'><strong>caelestesque</strong></span> <span class='ocrx_word' id='word_1_56' title='bbox 1209 1332 1372 1397; x_wconf 79' lang='lat' dir='ltr'><strong>duas</strong></span> <span class='ocrx_word' id='word_1_57' title='bbox 1417 1331 1700 1398; x_wconf 81' lang='lat' dir='ltr'><strong>Troiano</strong></span> <span class='ocrx_word' id='word_1_58' title='bbox 1743 1330 1961 1397; x_wconf 91' lang='lat' dir='ltr'><strong>iudice</strong></span> <span class='ocrx_word' id='word_1_59' title='bbox 2004 1330 2192 1397; x_wconf 87' lang='lat' dir='ltr'><strong>vicit:</strong></span> 
     </span>
     <span class='ocr_line' id='line_1_10' title="bbox 616 1435 2469 1507; baseline 0.003 -6"><span class='ocrx_word' id='word_1_60' title='bbox 616 1461 670 1501; x_wconf 79' lang='grc' dir='ltr'><em>ω</em></span> <span class='ocrx_word' id='word_1_61' title='bbox 789 1436 876 1501; x_wconf 81' lang='grc' dir='ltr'><strong>ΑΙ</strong></span> <span class='ocrx_word' id='word_1_62' title='bbox 965 1435 1164 1502; x_wconf 91' lang='lat' dir='ltr'><strong>nolim</strong></span> <span class='ocrx_word' id='word_1_63' title='bbox 1208 1436 1426 1505; x_wconf 83' lang='lat' dir='ltr'><strong>victas</strong></span> <span class='ocrx_word' id='word_1_64' title='bbox 1469 1437 1590 1504; x_wconf 88' lang='lat' dir='ltr'><strong>hoc</strong></span> <span class='ocrx_word' id='word_1_65' title='bbox 1633 1436 2000 1503; x_wconf 83' lang='lat' dir='ltr'><strong>meminisse</strong></span> <span class='ocrx_word' id='word_1_66' title='bbox 2042 1436 2218 1503; x_wconf 79' lang='lat' dir='ltr'><strong>deas,</strong></span> <span class='ocrx_word' id='word_1_67' title='bbox 2464 1502 2469 1507; x_wconf 86' lang='lat'>.</span> 
     </span>
     <span class='ocr_line' id='line_1_11' title="bbox 705 1541 2395 1625; baseline 0.002 -19"><span class='ocrx_word' id='word_1_68' title='bbox 705 1541 1144 1624; x_wconf 81' lang='lat' dir='ltr'><strong>Assaracique</strong></span> <span class='ocrx_word' id='word_1_69' title='bbox 1186 1560 1390 1609; x_wconf 88' lang='lat' dir='ltr'><strong>nurus</strong></span> <span class='ocrx_word' id='word_1_70' title='bbox 1437 1542 1614 1609; x_wconf 83' lang='lat' dir='ltr'><strong>dicta</strong></span> <span class='ocrx_word' id='word_1_71' title='bbox 1660 1548 1778 1625; x_wconf 86' lang='lat' dir='ltr'><strong>est,</strong></span> <span class='ocrx_word' id='word_1_72' title='bbox 1823 1546 1900 1609; x_wconf 87' lang='lat' dir='ltr'><strong>ut</strong></span> <span class='ocrx_word' id='word_1_73' title='bbox 1945 1542 2199 1609; x_wconf 85' lang='lat' dir='ltr'><strong>scilicet</strong></span> <span class='ocrx_word' id='word_1_74' title='bbox 2242 1543 2395 1609; x_wconf 89' lang='lat' dir='ltr'><strong>olim</strong></span> 
     </span>
     <span class='ocr_line' id='line_1_12' title="bbox 793 1648 2165 1732; baseline 0 -18"><span class='ocrx_word' id='word_1_75' title='bbox 793 1648 1076 1731; x_wconf 84' lang='lat' dir='ltr'><strong>Magnus</strong></span> <span class='ocrx_word' id='word_1_76' title='bbox 1119 1648 1336 1715; x_wconf 87' lang='lat' dir='ltr'><strong>Iuleos</strong></span> <span class='ocrx_word' id='word_1_77' title='bbox 1381 1648 1623 1715; x_wconf 83' lang='lat' dir='ltr'><strong>Caesar</strong></span> <span class='ocrx_word' id='word_1_78' title='bbox 1649 1648 1943 1732; x_wconf 65' lang='lat' dir='ltr'><strong>⁸haberet</strong></span> <span class='ocrx_word' id='word_1_79' title='bbox 1986 1667 2165 1716; x_wconf 86' lang='lat' dir='ltr'><strong>avos.</strong></span> 
     </span>
     <span class='ocr_line' id='line_1_13' title="bbox 708 1754 2601 1838; baseline 0.002 -19"><span class='ocrx_word' id='word_1_80' title='bbox 708 1754 842 1820; x_wconf 87' lang='lat' dir='ltr'><strong>Nec</strong></span> <span class='ocrx_word' id='word_1_81' title='bbox 887 1754 1142 1821; x_wconf 87' lang='lat' dir='ltr'><strong>Veneri·</strong></span> <span class='ocrx_word' id='word_1_82' title='bbox 1175 1759 1450 1838; x_wconf 83' lang='lat' dir='ltr'><strong>tempus,</strong></span> <span class='ocrx_word' id='word_1_83' title='bbox 1496 1773 1690 1836; x_wconf 88' lang='lat' dir='ltr'><strong>quam</strong></span> <span class='ocrx_word' id='word_1_84' title='bbox 1736 1773 1873 1838; x_wconf 88' lang='lat' dir='ltr'><strong>ver,</strong></span> <span class='ocrx_word' id='word_1_85' title='bbox 1918 1760 2067 1821; x_wconf 85' lang='lat' dir='ltr'><strong>erat</strong></span> <span class='ocrx_word' id='word_1_86' title='bbox 2113 1755 2332 1837; x_wconf 85' lang='lat' dir='ltr'><strong>aptius</strong></span> <span class='ocrx_word' id='word_1_87' title='bbox 2374 1756 2601 1823; x_wconf 87' lang='lat' dir='ltr'><strong>ullum:</strong></span> 
     </span>
     <span class='ocr_line' id='line_1_14' title="bbox 795 1860 2288 1945; baseline 0.001 -19"><span class='ocrx_word' id='word_1_88' title='bbox 795 1860 968 1927; x_wconf 87' lang='lat' dir='ltr'><strong>Vere</strong></span> <span class='ocrx_word' id='word_1_89' title='bbox 1012 1861 1231 1927; x_wconf 87' lang='lat' dir='ltr'><strong>nitent</strong></span> <span class='ocrx_word' id='word_1_90' title='bbox 1274 1866 1512 1945; x_wconf 88' lang='lat' dir='ltr'><strong>terrae,</strong></span> <span class='ocrx_word' id='word_1_91' title='bbox 1558 1879 1716 1927; x_wconf 89' lang='lat' dir='ltr'><strong>vere</strong></span> <span class='ocrx_word' id='word_1_92' title='bbox 1759 1861 2067 1927; x_wconf 85' lang='lat' dir='ltr'><strong>remissus</strong></span> <span class='ocrx_word' id='word_1_93' title='bbox 2110 1879 2288 1945; x_wconf 82' lang='lat' dir='ltr'><strong>ager,</strong></span> 
     </span>
     <span class='ocr_line' id='line_1_15' title="bbox 617 1966 2391 2051; baseline 0.003 -23"><span class='ocrx_word' id='word_1_94' title='bbox 617 1988 673 2029; x_wconf 71' lang='grc' dir='ltr'><em>ω</em></span> <span class='ocrx_word' id='word_1_95' title='bbox 703 1966 892 2033; x_wconf 88' lang='lat' dir='ltr'><strong>Nunc</strong></span> <span class='ocrx_word' id='word_1_96' title='bbox 934 1967 1190 2047; x_wconf 61' lang='lat' dir='ltr'><strong>herbae,</strong></span> <span class='ocrx_word' id='word_1_97' title='bbox 1221 1971 1423 2050; x_wconf 85' lang='lat' dir='ltr'><strong>rupta</strong></span> <span class='ocrx_word' id='word_1_98' title='bbox 1465 1966 1703 2049; x_wconf 83' lang='lat' dir='ltr'><strong>tellure</strong></span> <span class='ocrx_word' id='word_1_99' title='bbox 1749 1967 2086 2033; x_wconf 86' lang='lat' dir='ltr'><strong>cacumina</strong></span> <span class='ocrx_word' id='word_1_100' title='bbox 2130 1966 2391 2051; x_wconf 89' lang='lat' dir='ltr'><strong>tollunt,</strong></span> 
     </span>
     <span class='ocr_line' id='line_1_16' title="bbox 794 2072 2391 2159; baseline 0 -20"><span class='ocrx_word' id='word_1_101' title='bbox 794 2073 982 2139; x_wconf 89' lang='lat' dir='ltr'><strong>Nunc</strong></span> <span class='ocrx_word' id='word_1_102' title='bbox 1024 2072 1271 2139; x_wconf 83' lang='lat' dir='ltr'><strong>tumido</strong></span> <span class='ocrx_word' id='word_1_103' title='bbox 1316 2092 1606 2156; x_wconf 87' lang='lat' dir='ltr'><strong>gemmas</strong></span> <span class='ocrx_word' id='word_1_104' title='bbox 1652 2073 1897 2139; x_wconf 89' lang='lat' dir='ltr'><strong>cortice</strong></span> <span class='ocrx_word' id='word_1_105' title='bbox 1938 2072 2186 2155; x_wconf 88' lang='lat' dir='ltr'><strong>palmes</strong></span> <span class='ocrx_word' id='word_1_106' title='bbox 2230 2073 2391 2159; x_wconf 82' lang='lat' dir='ltr'><strong>agit.</strong></span> 
     </span>
     <span class='ocr_line' id='line_1_17' title="bbox 707 2178 2466 2263; baseline 0.001 -19"><span class='ocrx_word' id='word_1_107' title='bbox 707 2179 801 2245; x_wconf 88' lang='lat' dir='ltr'><strong>Et</strong></span> <span class='ocrx_word' id='word_1_108' title='bbox 843 2178 1128 2245; x_wconf 84' lang='lat' dir='ltr'><strong>formosa</strong></span> <span class='ocrx_word' id='word_1_109' title='bbox 1170 2179 1396 2247; x_wconf 90' lang='lat' dir='ltr'><strong>Venus</strong></span> <span class='ocrx_word' id='word_1_110' title='bbox 1438 2179 1718 2246; x_wconf 88' lang='lat' dir='ltr'><strong>formoso</strong></span> <span class='ocrx_word' id='word_1_111' title='bbox 1763 2184 2057 2260; x_wconf 86' lang='lat' dir='ltr'><strong>tempore</strong></span> <span class='ocrx_word' id='word_1_112' title='bbox 2102 2179 2301 2262; x_wconf 82' lang='lat' dir='ltr'><strong>digna</strong></span> <span class='ocrx_word' id='word_1_113' title='bbox 2346 2184 2466 2263; x_wconf 70' lang='lat' dir='ltr'><strong>aet,</strong></span> 
     </span>
     <span class='ocr_line' id='line_1_18' title="bbox 795 2285 2105 2370; baseline -0.002 -17"><span class='ocrx_word' id='word_1_114' title='bbox 795 2286 1017 2367; x_wconf 85' lang='lat' dir='ltr'><strong>thue</strong></span> <span class='ocrx_word' id='word_1_115' title='bbox 1061 2285 1246 2370; x_wconf 88' lang='lat' dir='ltr'><strong>solet,</strong></span> <span class='ocrx_word' id='word_1_116' title='bbox 1291 2286 1498 2353; x_wconf 85' lang='lat' dir='ltr'><strong>Marti</strong></span> <span class='ocrx_word' id='word_1_117' title='bbox 1544 2285 1929 2353; x_wconf 79' lang='lat' dir='ltr'><strong>continuata</strong></span> <span class='ocrx_word' id='word_1_118' title='bbox 1970 2302 2105 2353; x_wconf 76' lang='lat' dir='ltr'><strong>suo,</strong></span> 
     </span>
     <span class='ocr_line' id='line_1_19' title="bbox 708 2391 2557 2474; baseline 0 -17"><span class='ocrx_word' id='word_1_119' title='bbox 708 2391 880 2459; x_wconf 86' lang='lat' dir='ltr'><strong>Vere</strong></span> <span class='ocrx_word' id='word_1_120' title='bbox 924 2397 1144 2459; x_wconf 88' lang='lat' dir='ltr'><strong>monet</strong></span> <span class='ocrx_word' id='word_1_121' title='bbox 1189 2411 1426 2461; x_wconf 82' lang='lat' dir='ltr'><strong>curvas</strong></span> <span class='ocrx_word' id='word_1_122' title='bbox 1469 2396 1773 2459; x_wconf 82' lang='lat' dir='ltr'><strong>materna</strong></span> <span class='ocrx_word' id='word_1_123' title='bbox 1815 2410 1937 2474; x_wconf 90' lang='lat' dir='ltr'><strong>per</strong></span> <span class='ocrx_word' id='word_1_124' title='bbox 1978 2409 2265 2473; x_wconf 83' lang='lat' dir='ltr'><strong>aequora</strong></span> <span class='ocrx_word' id='word_1_125' title='bbox 2309 2408 2557 2473; x_wconf 62' lang='lat' dir='ltr'><strong>puppes</strong></span> 
     </span>
     <span class='ocr_line' id='line_1_20' title="bbox 625 2497 2228 2583; baseline 0.001 -21"><span class='ocrx_word' id='word_1_126' title='bbox 625 2523 680 2563; x_wconf 73' lang='lat' dir='ltr'><strong>eo</strong></span> <span class='ocrx_word' id='word_1_127' title='bbox 797 2498 924 2583; x_wconf 87' lang='lat' dir='ltr'><strong>Ire,</strong></span> <span class='ocrx_word' id='word_1_128' title='bbox 968 2517 1090 2565; x_wconf 93' lang='lat' dir='ltr'><strong>nec</strong></span> <span class='ocrx_word' id='word_1_129' title='bbox 1133 2498 1442 2565; x_wconf 87' lang='lat' dir='ltr'><strong>hibernas</strong></span> <span class='ocrx_word' id='word_1_130' title='bbox 1484 2498 1616 2565; x_wconf 88' lang='lat' dir='ltr'><strong>iam</strong></span> <span class='ocrx_word' id='word_1_131' title='bbox 1662 2497 1959 2565; x_wconf 82' lang='lat' dir='ltr'><strong>timuisse</strong></span> <span class='ocrx_word' id='word_1_132' title='bbox 2002 2498 2228 2564; x_wconf 85' lang='lat' dir='ltr'><strong>minas.</strong></span> 
     </span>
    </p>
   </div>
   <div class='ocr_carea' id='block_1_3' title="bbox 1339 2725 2124 2950">
    <p class='ocr_par' dir='ltr' id='par_1_3' title="bbox 1339 2725 2124 2950">
     <span class='ocr_line' id='line_1_21' title="bbox 1339 2725 2124 2812; baseline -0.006 -16"><span class='ocrx_word' id='word_1_133' title='bbox 1339 2727 1454 2798; x_wconf 69' lang='lat' dir='ltr'><strong>No.</strong></span> <span class='ocrx_word' id='word_1_134' title='bbox 1486 2729 1580 2797; x_wconf 86' lang='grc'><strong>28</strong></span> <span class='ocrx_word' id='word_1_135' title='bbox 1626 2726 1692 2812; x_wconf 87' lang='grc' dir='ltr'><strong>(Ι</strong></span> <span class='ocrx_word' id='word_1_136' title='bbox 1725 2725 2124 2810; x_wconf 83' lang='lat'>149—160).</span> 
     </span>
     <span class='ocr_line' id='line_1_22' title="bbox 1393 2879 2071 2950; baseline -0.003 0"><span class='ocrx_word' id='word_1_137' title='bbox 1393 2879 2071 2950; x_wconf 71' lang='lat' dir='ltr'><strong>Lenzesschiinheit.</strong></span> 
     </span>
    </p>
   </div>
   <div class='ocr_carea' id='block_1_4' title="bbox 660 3037 2641 3975">
    <p class='ocr_par' dir='ltr' id='par_1_4' title="bbox 718 3037 2519 3229">
     <span class='ocr_line' id='line_1_23' title="bbox 718 3037 2519 3124; baseline 0.001 -21"><span class='ocrx_word' id='word_1_138' title='bbox 718 3037 877 3122; x_wconf 84' lang='lat' dir='ltr'><strong>‘Dic,</strong></span> <span class='ocrx_word' id='word_1_139' title='bbox 922 3057 1065 3124; x_wconf 83' lang='lat' dir='ltr'><strong>age,</strong></span> <span class='ocrx_word' id='word_1_140' title='bbox 1109 3038 1467 3121; x_wconf 83' lang='lat' dir='ltr'><strong>frigoribus</strong></span> <span class='ocrx_word' id='word_1_141' title='bbox 1511 3058 1718 3122; x_wconf 86' lang='lat' dir='ltr'><strong>quare</strong></span> <span class='ocrx_word' id='word_1_142' title='bbox 1762 3057 1972 3106; x_wconf 81' lang='lat' dir='ltr'><strong>novus</strong></span> <span class='ocrx_word' id='word_1_143' title='bbox 2016 3038 2251 3121; x_wconf 84' lang='lat' dir='ltr'><strong>incipit</strong></span> <span class='ocrx_word' id='word_1_144' title='bbox 2294 3057 2519 3122; x_wconf 78' lang='lat' dir='ltr'><strong>annuS,</strong></span> 
     </span>
     <span class='ocr_line' id='line_1_24' title="bbox 807 3143 2217 3229; baseline -0.001 -17"><span class='ocrx_word' id='word_1_145' title='bbox 807 3143 936 3229; x_wconf 84' lang='lat' dir='ltr'><strong>Qui</strong></span> <span class='ocrx_word' id='word_1_146' title='bbox 979 3145 1211 3213; x_wconf 86' lang='lat' dir='ltr'><strong>melius</strong></span> <span class='ocrx_word' id='word_1_147' title='bbox 1254 3164 1372 3228; x_wconf 89' lang='lat' dir='ltr'><strong>per</strong></span> <span class='ocrx_word' id='word_1_148' title='bbox 1416 3164 1537 3214; x_wconf 82' lang='lat' dir='ltr'><strong>ver</strong></span> <span class='ocrx_word' id='word_1_149' title='bbox 1578 3145 1983 3228; x_wconf 87' lang='lat' dir='ltr'><strong>incipiendus</strong></span> <span class='ocrx_word' id='word_1_150' title='bbox 2028 3144 2217 3211; x_wconf 81' lang='lat' dir='ltr'><strong>erat?</strong></span> 
     </span>
    </p>

    <p class='ocr_par' dir='ltr' id='par_1_5' title="bbox 717 3249 2641 3442">
     <span class='ocr_line' id='line_1_25' title="bbox 717 3249 2641 3336; baseline 0.001 -20"><span class='ocrx_word' id='word_1_151' title='bbox 717 3249 951 3319; x_wconf 89' lang='lat' dir='ltr'><strong>Omnia</strong></span> <span class='ocrx_word' id='word_1_152' title='bbox 995 3257 1156 3319; x_wconf 88' lang='lat' dir='ltr'><strong>tunc</strong></span> <span class='ocrx_word' id='word_1_153' title='bbox 1199 3251 1452 3336; x_wconf 86' lang='lat' dir='ltr'><strong>florent,</strong></span> <span class='ocrx_word' id='word_1_154' title='bbox 1497 3259 1656 3319; x_wconf 89' lang='lat' dir='ltr'><strong>tunc</strong></span> <span class='ocrx_word' id='word_1_155' title='bbox 1701 3257 1806 3319; x_wconf 87' lang='lat' dir='ltr'><strong>est</strong></span> <span class='ocrx_word' id='word_1_156' title='bbox 1849 3270 2025 3319; x_wconf 85' lang='lat' dir='ltr'><strong>nova</strong></span> <span class='ocrx_word' id='word_1_157' title='bbox 2070 3251 2382 3333; x_wconf 83' lang='lat' dir='ltr'><strong>temporis</strong></span> <span class='ocrx_word' id='word_1_158' title='bbox 2428 3255 2641 3318; x_wconf 85' lang='lat' dir='ltr'><strong>aetas:</strong></span> 
     </span>
     <span class='ocr_line' id='line_1_26' title="bbox 804 3358 2453 3442; baseline -0.001 -18"><span class='ocrx_word' id='word_1_159' title='bbox 804 3359 899 3425; x_wconf 88' lang='lat' dir='ltr'><strong>Et</strong></span> <span class='ocrx_word' id='word_1_160' title='bbox 941 3377 1117 3428; x_wconf 81' lang='lat' dir='ltr'><strong>nova</strong></span> <span class='ocrx_word' id='word_1_161' title='bbox 1162 3360 1243 3426; x_wconf 89' lang='lat' dir='ltr'><strong>de</strong></span> <span class='ocrx_word' id='word_1_162' title='bbox 1287 3359 1564 3442; x_wconf 84' lang='lat' dir='ltr'><strong>gravido</strong></span> <span class='ocrx_word' id='word_1_163' title='bbox 1608 3358 1881 3441; x_wconf 83' lang='lat' dir='ltr'><strong>palmite</strong></span> <span class='ocrx_word' id='word_1_164' title='bbox 1926 3376 2183 3441; x_wconf 85' lang='lat' dir='ltr'><strong>gemma</strong></span> <span class='ocrx_word' id='word_1_165' title='bbox 2226 3361 2453 3440; x_wconf 86' lang='lat' dir='ltr'><strong>tumet,</strong></span> 
     </span>
    </p>

    <p class='ocr_par' dir='ltr' id='par_1_6' title="bbox 660 3463 2367 3548">
     <span class='ocr_line' id='line_1_27' title="bbox 660 3463 2367 3548; baseline 0.001 -22"><span class='ocrx_word' id='word_1_166' title='bbox 660 3486 684 3526; x_wconf 71' lang='lat'>⁵</span> <span class='ocrx_word' id='word_1_167' title='bbox 717 3464 810 3530; x_wconf 88' lang='lat' dir='ltr'><strong>Et</strong></span> <span class='ocrx_word' id='word_1_168' title='bbox 852 3468 1038 3533; x_wconf 88' lang='lat' dir='ltr'><strong>modo</strong></span> <span class='ocrx_word' id='word_1_169' title='bbox 1084 3466 1386 3532; x_wconf 86' lang='lat' dir='ltr'><strong>formatis</strong></span> <span class='ocrx_word' id='word_1_170' title='bbox 1429 3465 1723 3548; x_wconf 85' lang='lat' dir='ltr'><strong>operitur</strong></span> <span class='ocrx_word' id='word_1_171' title='bbox 1766 3464 2109 3531; x_wconf 85' lang='lat' dir='ltr'><strong>frondibus</strong></span> <span class='ocrx_word' id='word_1_172' title='bbox 2153 3463 2367 3546; x_wconf 88' lang='lat' dir='ltr'><strong>arbor,</strong></span> 
     </span>
    </p>

    <p class='ocr_par' dir='ltr' id='par_1_7' title="bbox 805 3569 2462 3640">
     <span class='ocr_line' id='line_1_28' title="bbox 805 3569 2462 3640; baseline -0.001 -2"><span class='ocrx_word' id='word_1_173' title='bbox 805 3572 1039 3639; x_wconf 89' lang='lat' dir='ltr'><strong>Prodit</strong></span> <span class='ocrx_word' id='word_1_174' title='bbox 1083 3577 1154 3640; x_wconf 90' lang='lat' dir='ltr'><strong>et</strong></span> <span class='ocrx_word' id='word_1_175' title='bbox 1196 3572 1269 3638; x_wconf 89' lang='lat' dir='ltr'><strong>in</strong></span> <span class='ocrx_word' id='word_1_176' title='bbox 1311 3591 1626 3639; x_wconf 82' lang='lat' dir='ltr'><strong>summum</strong></span> <span class='ocrx_word' id='word_1_177' title='bbox 1671 3571 1935 3638; x_wconf 89' lang='lat' dir='ltr'><strong>seminis</strong></span> <span class='ocrx_word' id='word_1_178' title='bbox 1979 3570 2188 3636; x_wconf 88' lang='lat' dir='ltr'><strong>herba</strong></span> <span class='ocrx_word' id='word_1_179' title='bbox 2231 3569 2462 3636; x_wconf 83' lang='lat' dir='ltr'><strong>solum:</strong></span> 
     </span>
    </p>

    <p class='ocr_par' dir='ltr' id='par_1_8' title="bbox 719 3675 2509 3868">
     <span class='ocr_line' id='line_1_29' title="bbox 719 3675 2509 3759; baseline -0.001 -17"><span class='ocrx_word' id='word_1_180' title='bbox 719 3677 813 3743; x_wconf 90' lang='lat' dir='ltr'><strong>Et</strong></span> <span class='ocrx_word' id='word_1_181' title='bbox 856 3677 1147 3759; x_wconf 89' lang='lat' dir='ltr'><strong>tepidum</strong></span> <span class='ocrx_word' id='word_1_182' title='bbox 1192 3678 1490 3746; x_wconf 82' lang='lat' dir='ltr'><strong>volucres</strong></span> <span class='ocrx_word' id='word_1_183' title='bbox 1537 3677 1958 3745; x_wconf 86' lang='lat' dir='ltr'><strong>concentibus</strong></span> <span class='ocrx_word' id='word_1_184' title='bbox 2004 3683 2163 3741; x_wconf 74' lang='lat' dir='ltr'><strong>aera</strong></span> <span class='ocrx_word' id='word_1_185' title='bbox 2204 3675 2509 3757; x_wconf 82' lang='lat' dir='ltr'><strong>mulcent,</strong></span> 
     </span>
     <span class='ocr_line' id='line_1_30' title="bbox 805 3783 2215 3868; baseline -0.003 -18"><span class='ocrx_word' id='word_1_186' title='bbox 805 3783 1012 3850; x_wconf 91' lang='lat' dir='ltr'><strong>Ludit</strong></span> <span class='ocrx_word' id='word_1_187' title='bbox 1054 3788 1126 3851; x_wconf 90' lang='lat' dir='ltr'><strong>et</strong></span> <span class='ocrx_word' id='word_1_188' title='bbox 1166 3784 1236 3851; x_wconf 89' lang='lat' dir='ltr'><strong>in</strong></span> <span class='ocrx_word' id='word_1_189' title='bbox 1280 3785 1493 3868; x_wconf 84' lang='lat' dir='ltr'><strong>pratis</strong></span> <span class='ocrx_word' id='word_1_190' title='bbox 1535 3783 1960 3864; x_wconf 81' lang='lat' dir='ltr'><strong>luxuriatque</strong></span> <span class='ocrx_word' id='word_1_191' title='bbox 2002 3799 2215 3864; x_wconf 74' lang='lat' dir='ltr'><strong>pecus</strong></span> 
     </span>
    </p>

    <p class='ocr_par' dir='ltr' id='par_1_9' title="bbox 716 3887 2370 3975">
     <span class='ocr_line' id='line_1_31' title="bbox 716 3887 2370 3975; baseline -0.002 -18"><span class='ocrx_word' id='word_1_192' title='bbox 716 3891 882 3957; x_wconf 79' lang='lat' dir='ltr'><strong>Tum</strong></span> <span class='ocrx_word' id='word_1_193' title='bbox 927 3889 1156 3956; x_wconf 86' lang='lat' dir='ltr'><strong>blandi</strong></span> <span class='ocrx_word' id='word_1_194' title='bbox 1199 3890 1386 3974; x_wconf 86' lang='lat' dir='ltr'><strong>soles,</strong></span> <span class='ocrx_word' id='word_1_195' title='bbox 1430 3892 1787 3975; x_wconf 84' lang='lat' dir='ltr'><strong>ignotaque</strong></span> <span class='ocrx_word' id='word_1_196' title='bbox 1829 3889 2051 3972; x_wconf 87' lang='lat' dir='ltr'><strong>prodit</strong></span> <span class='ocrx_word' id='word_1_197' title='bbox 2094 3887 2370 3954; x_wconf 89' lang='lat' dir='ltr'><strong>hirundo</strong></span> 
     </span>
    </p>
   </div>
   <div class='ocr_carea' id='block_1_5' title="bbox 454 4049 3023 4180">
    <p class='ocr_par' dir='ltr' id='par_1_10' title="bbox 454 4049 3023 4180">
     <span class='ocr_line' id='line_1_32' title="bbox 554 4049 3023 4122; baseline -0.002 -14"><span class='ocrx_word' id='word_1_198' title='bbox 554 4053 646 4108; x_wconf 75' lang='lat'><strong>43.</strong></span> <span class='ocrx_word' id='word_1_199' title='bbox 718 4056 882 4110; x_wconf 78' lang='lat' dir='ltr'><strong>titulo</strong></span> <span class='ocrx_word' id='word_1_200' title='bbox 927 4057 1130 4111; x_wconf 68' lang='lat' dir='ltr'><strong>mensis</strong></span> <span class='ocrx_word' id='word_1_201' title='bbox 1202 4056 1301 4110; x_wconf 84' lang='lat' dir='ltr'><strong>der</strong></span> <span class='ocrx_word' id='word_1_202' title='bbox 1346 4055 1526 4122; x_wconf 85' lang='lat' dir='ltr'><strong>Ehre,</strong></span> <span class='ocrx_word' id='word_1_203' title='bbox 1582 4055 1692 4109; x_wconf 74' lang='lat' dir='ltr'><strong>dafl</strong></span> <span class='ocrx_word' id='word_1_204' title='bbox 1922 4053 2031 4109; x_wconf 81' lang='lat' dir='ltr'><strong>No.</strong></span> <span class='ocrx_word' id='word_1_205' title='bbox 2054 4051 2147 4110; x_wconf 80' lang='lat'><strong>28.</strong></span> <span class='ocrx_word' id='word_1_206' title='bbox 2209 4054 2263 4107; x_wconf 90' lang='lat'><strong>1.</strong></span> <span class='ocrx_word' id='word_1_207' title='bbox 2324 4050 2649 4120; x_wconf 72' lang='lat' dir='ltr'><strong>friyoribue]</strong></span> <span class='ocrx_word' id='word_1_208' title='bbox 2684 4051 2742 4102; x_wconf 93' lang='lat' dir='ltr'><strong>in</strong></span> <span class='ocrx_word' id='word_1_209' title='bbox 2775 4050 2873 4104; x_wconf 88' lang='lat' dir='ltr'><strong>der</strong></span> <span class='ocrx_word' id='word_1_210' title='bbox 2898 4049 3023 4103; x_wconf 79' lang='lat' dir='ltr'><strong>Zeit</strong></span> 
     </span>
     <span class='ocr_line' id='line_1_33' title="bbox 454 4121 2105 4180; baseline 0.001 -5"><span class='ocrx_word' id='word_1_211' title='bbox 454 4122 553 4177; x_wconf 85' lang='lat' dir='ltr'><strong>der</strong></span> <span class='ocrx_word' id='word_1_212' title='bbox 587 4123 783 4179; x_wconf 65' lang='lat' dir='ltr'><strong>Monet</strong></span> <span class='ocrx_word' id='word_1_213' title='bbox 817 4127 963 4180; x_wconf 79' lang='lat' dir='ltr'><strong>nach</strong></span> <span class='ocrx_word' id='word_1_214' title='bbox 997 4125 1092 4178; x_wconf 85' lang='lat' dir='ltr'><strong>ihr</strong></span> <span class='ocrx_word' id='word_1_215' title='bbox 1168 4125 1298 4179; x_wconf 76' lang='lat' dir='ltr'><strong>eisst.</strong></span> <span class='ocrx_word' id='word_1_216' title='bbox 1781 4122 1881 4176; x_wconf 87' lang='lat' dir='ltr'><strong>der</strong></span> <span class='ocrx_word' id='word_1_217' title='bbox 1916 4121 2105 4176; x_wconf 68' lang='lat' dir='ltr'><strong>Kulte.</strong></span> 
     </span>
    </p>
   </div>
   <div class='ocr_carea' id='block_1_6' title="bbox 454 4193 3021 4350">
    <p class='ocr_par' dir='ltr' id='par_1_11' title="bbox 454 4193 3021 4350">
     <span class='ocr_line' id='line_1_34' title="bbox 454 4193 3021 4350; baseline -0.02 -13"><span class='ocrx_word' id='word_1_218' title='bbox 454 4193 1108 4333; x_wconf 48' lang='lat' dir='ltr'><strong>derffibhfflfflrffi</strong></span> <span class='ocrx_word' id='word_1_219' title='bbox 1139 4193 1697 4331; x_wconf 54' lang='lat' dir='ltr'><strong>fflssmss&#39;ffflffi}</strong></span> <span class='ocrx_word' id='word_1_220' title='bbox 1782 4225 1984 4350; x_wconf 51' lang='lat' dir='ltr'><strong>„00ss</strong></span> <span class='ocrx_word' id='word_1_221' title='bbox 2047 4224 2268 4294; x_wconf 66' lang='lat' dir='ltr'><strong>aemma]</strong></span> <span class='ocrx_word' id='word_1_222' title='bbox 2306 4223 2406 4277; x_wconf 69' lang='lat' dir='ltr'><strong>das</strong></span> <span class='ocrx_word' id='word_1_223' title='bbox 2444 4221 2667 4294; x_wconf 54' lang='lat' dir='ltr'><strong>‚Auge</strong></span> <span class='ocrx_word' id='word_1_224' title='bbox 2711 4223 2806 4277; x_wconf 70' lang='lat' dir='ltr'><strong>dee</strong></span> <span class='ocrx_word' id='word_1_225' title='bbox 2831 4221 3021 4276; x_wconf 73' lang='lat' dir='ltr'><strong>Wein-</strong></span> 
     </span>
    </p>
   </div>
   <div class='ocr_carea' id='block_1_7' title="bbox 455 4330 3023 4526">
    <p class='ocr_par' dir='ltr' id='par_1_12' title="bbox 455 4330 3023 4526">
     <span class='ocr_line' id='line_1_35' title="bbox 455 4330 1696 4388; baseline 0.002 -4"><span class='ocrx_word' id='word_1_226' title='bbox 455 4330 577 4384; x_wconf 86' lang='lat' dir='ltr'><strong>dem</strong></span> <span class='ocrx_word' id='word_1_227' title='bbox 661 4334 1054 4388; x_wconf 80' lang='lat' dir='ltr'><strong>verwundeten</strong></span> <span class='ocrx_word' id='word_1_228' title='bbox 1134 4331 1322 4388; x_wconf 79' lang='lat' dir='ltr'><strong>Aneas</strong></span> <span class='ocrx_word' id='word_1_229' title='bbox 1403 4333 1696 4388; x_wconf 75' lang='lat' dir='ltr'><strong>beistehen</strong></span> 
     </span>
     <span class='ocr_line' id='line_1_36' title="bbox 455 4395 3023 4526; baseline -0.002 -74"><span class='ocrx_word' id='word_1_230' title='bbox 455 4400 655 4457; x_wconf 74' lang='lat' dir='ltr'><strong>wollte.</strong></span> <span class='ocrx_word' id='word_1_231' title='bbox 732 4402 917 4472; x_wconf 87' lang='lat' dir='ltr'><strong>(Hom.</strong></span> <span class='ocrx_word' id='word_1_232' title='bbox 953 4403 1020 4458; x_wconf 90' lang='lat'><strong>11.</strong></span> <span class='ocrx_word' id='word_1_233' title='bbox 1056 4402 1113 4458; x_wconf 91' lang='lat' dir='ltr'><strong>V</strong></span> <span class='ocrx_word' id='word_1_234' title='bbox 1139 4403 1335 4526; x_wconf 45' lang='lat'>3345?</span> <span class='ocrx_word' id='word_1_235' title='bbox 1922 4399 1977 4454; x_wconf 76' lang='lat'><strong>6.</strong></span> <span class='ocrx_word' id='word_1_236' title='bbox 2048 4397 2271 4450; x_wconf 56' lang='lat' dir='ltr'><strong>sanim}</strong></span> <span class='ocrx_word' id='word_1_237' title='bbox 2316 4395 2503 4464; x_wconf 74' lang='lat' dir='ltr'><strong>herba]</strong></span> <span class='ocrx_word' id='word_1_238' title='bbox 2557 4395 2656 4450; x_wconf 85' lang='lat' dir='ltr'><strong>der</strong></span> <span class='ocrx_word' id='word_1_239' title='bbox 2706 4395 2871 4449; x_wconf 85' lang='lat' dir='ltr'><strong>Keim</strong></span> <span class='ocrx_word' id='word_1_240' title='bbox 2927 4395 3023 4449; x_wconf 78' lang='lat' dir='ltr'><strong>des</strong></span> 
     </span>
    </p>
   </div>
   <div class='ocr_carea' id='block_1_8' title="bbox 457 4445 2169 4610">
    <p class='ocr_par' dir='ltr' id='par_1_13' title="bbox 457 4445 2169 4610">
     <span class='ocr_line' id='line_1_37' title="bbox 559 4445 2169 4543; baseline -0.004 -17"><span class='ocrx_word' id='word_1_241' title='bbox 559 4471 650 4526; x_wconf 77' lang='lat'><strong>54.</strong></span> <span class='ocrx_word' id='word_1_242' title='bbox 721 4475 995 4543; x_wconf 68' lang='lat' dir='ltr'><strong>remissus]</strong></span> <span class='ocrx_word' id='word_1_243' title='bbox 1021 4490 1127 4528; x_wconf 84' lang='lat' dir='ltr'><strong>von</strong></span> <span class='ocrx_word' id='word_1_244' title='bbox 1153 4473 1252 4528; x_wconf 87' lang='lat' dir='ltr'><strong>der</strong></span> <span class='ocrx_word' id='word_1_245' title='bbox 1335 4445 1448 4528; x_wconf 66' lang='lat' dir='ltr'><strong>inte</strong></span> <span class='ocrx_word' id='word_1_246' title='bbox 1472 4471 1692 4540; x_wconf 82' lang='lat' dir='ltr'><strong>befreit,</strong></span> <span class='ocrx_word' id='word_1_247' title='bbox 1779 4467 2169 4523; x_wconf 66' lang='lat' dir='ltr'><strong>Samenkorne.</strong></span> 
     </span>
     <span class='ocr_line' id='line_1_38' title="bbox 457 4538 757 4610; baseline 0.01 -18"><span class='ocrx_word' id='word_1_248' title='bbox 457 4538 757 4610; x_wconf 83' lang='lat' dir='ltr'><strong>gelockert.</strong></span> 
     </span>
    </p>
   </div>
   <div class='ocr_carea' id='block_1_9' title="bbox 541 4621 2669 4696">
    <p class='ocr_par' dir='ltr' id='par_1_14' title="bbox 541 4621 2669 4696">
     <span class='ocr_line' id='line_1_39' title="bbox 541 4621 2669 4696; baseline 0.006 -14"><span class='ocrx_word' id='word_1_249' title='bbox 541 4644 784 4696; x_wconf 69' lang='lat' dir='ltr'><strong>Brnndt,</strong></span> <span class='ocrx_word' id='word_1_250' title='bbox 809 4645 1087 4686; x_wconf 68' lang='lat' dir='ltr'><strong>Lete-tucho</strong></span> <span class='ocrx_word' id='word_1_251' title='bbox 1113 4657 1195 4688; x_wconf 71' lang='lat' dir='ltr'><strong>auu</strong></span> <span class='ocrx_word' id='word_1_252' title='bbox 1220 4646 1354 4687; x_wconf 77' lang='lat' dir='ltr'><strong>Ovid.</strong></span> <span class='ocrx_word' id='word_1_253' title='bbox 2637 4621 2669 4672; x_wconf 82' lang='lat'>5</span> 
     </span>
    </p>
   </div>
  </div>
 </body>
</html>
