3684 5275
640 419 724 492 86
1716 439 1954 495 zweiter
1995 439 2144 495 Ten.

997 601 1307 668 Venimus
1352 604 1441 669 ad
1483 606 1729 686 portus,
1772 601 2025 669 Imbria
2063 605 2267 685 terra,
2313 607 2480 670 tuos.

906 706 1087 786 Inde,
1128 707 1267 776 levi
1308 712 1509 775 vento
1550 709 1916 792 Zerynthia
1957 707 2160 775 litora
2201 713 2402 776 nacta

774 827 785 839 ·
818 838 873 880 20
992 814 1363 882 Threiciam
1408 812 1638 898 tetigit
1680 813 1858 882 fessa
1901 815 2130 882 carina
2173 814 2430 883 Samon.

906 919 1132 987 Saltus
1177 921 1262 988 ab
1309 921 1436 988 hac
1479 923 1711 986 contra
1751 920 1978 989 brevis
2019 925 2128 990 est
2170 921 2500 1004 Tempyra
2542 926 2796 1004 petenti

993 1027 1142 1093 Hac
1186 1027 1509 1094 dominum
1551 1030 1747 1093 tenus
1776 1030 1896 1094 'est
1937 1026 2060 1094 illa
2100 1030 2333 1094 >secuta
2376 1045 2581 1094 suum.

902 1132 1071 1199 Nam
1116 1132 1276 1198 mibi
1319 1131 1649 1200 Bistonios
1690 1133 1941 1215 placuit
1983 1133 2149 1214 pede
2193 1151 2462 1214 carpere
2505 1151 2794 1221 campos:

991 1237 1559 1320 Hellespontiacas
1602 1239 1722 1306 illa
1764 1239 2006 1322 relegit
2047 1257 2271 1323 aquas,

814 1369 869 1411 π
900 1344 1433 1426 Dardaniamque
1476 1345 1664 1430 petit,
1708 1343 1998 1412 auctoris
2042 1361 2274 1411 nomen
2318 1346 2688 1432 habentem,

990 1451 1084 1518 Et
1128 1456 1199 1517 te
1240 1449 1545 1536 ruricola,
1588 1451 1966 1536 Lampsace,
2010 1455 2161 1517 tuta
2207 1452 2343 1535 deo,

901 1557 1216 1642 Quodque
1258 1575 1379 1639 per
1422 1562 1739 1640 angustas
1784 1561 2018 1624 vectae
2061 1557 2232 1624 male
2275 1557 2554 1641 virginis
2600 1561 2808 1627 undas

990 1664 1225 1732 Seston
1268 1663 1592 1747 Abydena
1632 1669 1905 1745 separat
1945 1664 2110 1730 urbe
2151 1663 2412 1750 fretum,

762 1793 769 1800 ·
900 1771 1109 1852 [nque
1150 1769 1606 1852 Propontiacis
1648 1769 2028 1836 haerentem
2073 1769 2353 1853 Cyzicon
2397 1772 2546 1855 oris,

813 1904 868 1946 so
988 1876 1286 1960 Cyzicon,
1328 1875 1733 1942 Haemoniae
1774 1875 1996 1943 nobile
2038 1876 2258 1959 gentis
2301 1895 2478 1961 opus,

900 1982 1210 2067 Quaeque
1256 1985 1487 2050 tenent
1528 1981 1728 2048 Ponti
1770 1981 2101 2064 Byzantia
2143 1983 2344 2050 litora
2387 1982 2636 2052 fauces:

987 2089 1116 2156 Hic
1158 2088 1340 2156 locus
1384 2092 1489 2154 est
1529 2087 1773 2171 gemini
1814 2087 2018 2154 ianua
2061 2093 2260 2157 vasta
2303 2090 2522 2158 maris.

898 2196 1100 2280 Haec,
1143 2211 1394 2279 precor,
1437 2193 1718 2278 evincat,
1762 2195 2199 2277 propulsaque
2243 2194 2528 2263 fortibus
2571 2198 2816 2266 austris

989 2303 1318 2368 Transeat
1360 2299 1693 2368 instabilis
1734 2303 2008 2367 strenua
2053 2300 2350 2385 Cyaneas

810 2435 865 2477 οε
895 2408 1393 2492 Thyniacosque
1436 2405 1637 2490 sinus,
1682 2411 1751 2472 et
1795 2406 1884 2473 ab
1927 2407 2034 2474 his
2077 2426 2196 2490 per
2239 2407 2564 2490 Apollinis
2607 2411 2834 2478 urbem

986 2513 1161 2582 Arta
1202 2514 1322 2580 sub
1368 2511 1677 2580 Anchiali
1718 2513 1977 2580 moenia
2020 2515 2255 2580 tendat
2298 2514 2444 2582 iter.
2900 2511 2906 2518 ’

894 2621 1060 2689 Inde
1103 2617 1604 2689 Mesembriacos
1645 2623 1878 2701 portus
1921 2623 1992 2687 et
2037 2617 2325 2687 Odesson
2371 2624 2441 2689 et
2483 2640 2668 2689 arces

984 2716 1377 2795 Praetereat
1419 2725 1631 2792 dictas
1673 2725 1947 2810 nomine,
1990 2725 2266 2811 Bacche,
2312 2731 2442 2811 tuo,

897 2836 992 2902 Et
1034 2852 1196 2917 quos
1238 2831 1548 2900 Alcathoi
1590 2834 1955 2898 memorant
1997 2850 2035 2898 e
2079 2832 2414 2899 moenibus
2458 2839 2636 2901 ortos

805 2970 862 3009 ιο
981 2940 1257 3021 Sedibus
1300 2938 1405 3005 his
1447 2936 1758 3022 profugos
1802 2937 2216 3007 constituisse
2256 2938 2482 3006 larem.

894 3050 957 3115 A
1000 3048 1237 3130 quibus
1281 3044 1595 3111 adveniat
1636 3043 1939 3111 Miletida
1982 3060 2202 3127 sospes
2247 3046 2334 3111 ad
2378 3048 2619 3131 urbem,

984 3152 1233 3221 Offensi
1276 3169 1402 3233 quo
1446 3168 1550 3216 me
1594 3150 1834 3217 detulit
1875 3149 1980 3215 ira
2026 3150 2147 3216 dei.

894 3261 1079 3327 Haec
1121 3260 1181 3326 si
1225 3255 1639 3340 contigerint,
1682 3254 1958 3321 meritae
2003 3258 2196 3323 cadet
2239 3276 2416 3341 agna
2459 3258 2822 3327 Minervae:

978 3365 1123 3433 Non
1168 3364 1336 3431 iacit
1380 3364 1467 3433 ad
1505 3364 1767 3431 nostras
1809 3359 2030 3427 hostia
2072 3362 2278 3429 maior
2321 3380 2492 3444 opes,

802 3496 859 3539 ιο
890 3472 1025 3540 Vos
1070 3489 1341 3556 quoque,
1385 3468 1822 3553 Tyndaridae,
1869 3484 2027 3549 quos
2070 3467 2234 3533 haec
2277 3468 2436 3534 colit
2479 3468 2710 3554 insula,
2755 3470 3014 3555 tratreS,

624 3724 663 3781 S
730 3655 821 3712 21.
890 3655 1065 3710 saltus
1115 3653 1313 3726 brevis]
1369 3669 1473 3707 nur
1524 3651 1616 3707 ein
1669 3650 1868 3703 kurzer
1953 3649 2156 3788 (Ka-⁰:28
2167 3718 2204 3788 ὓ
2218 3648 2503 3718 Δροῑῑὺιίε
2592 3651 2798 3721 urbem]
2885 3650 3188 3721 Apollonia

633 3742 701 3845 sp
730 3743 847 3851 26.8
888 3794 1137 3850 ruricola
1170 3794 1273 3849 deo
1325 3791 1582 3862 Priapus.
2054 3787 2147 3844 41.
2217 3786 2481 3842 Miletida
2501 3789 2707 3861 urbem]
2737 3790 2902 3845 Tomi
2925 3807 3042 3844 war
3066 3792 3189 3846 eine

732 3864 823 3921 2⁷.
892 3864 1149 3935 viminis]
1183 3862 1271 3917 He
1318 3877 1366 3917 e.
1953 3855 2192 3912 Kolonia
2234 3856 2333 3911 der
2367 3856 2630 3913 Milesier.
3002 3862 3012 3869 '
3047 3928 3054 3937 .

694 3932 821 3989 29.
892 3934 1203 3989 haerentem
1274 3932 1368 3986 die
1410 3929 1574 3985 Stadt
1615 3928 1713 4000 lag
1764 3926 1870 3981 auf
2053 3926 2148 3983 42.
2218 3927 2332 3997 dci]
2373 3925 2676 3998 Augustus.
3186 3977 3193 3984 ,

623 4004 777 4059 einer
792 4002 1075 4058 schmalen
1088 4001 1203 4057 Hal
1241 4000 1383 4056 intel
1392 4000 1650 4054 inmitten
1666 3997 1865 4063 zweier
2051 3996 2146 4053 48.
2221 3994 2404 4050 Wenn
2439 3995 2542 4051 dau
2566 3996 2749 4053 Schiff
2769 3997 3059 4070 gliicklich
3093 4015 3188 4073 ge-

622 4072 1011 4144 Hafenplfltze,
1036 4072 1128 4127 die
1152 4072 1330 4127 durch
1355 4071 1516 4125 einen
1534 4066 1725 4122 Kanal
1744 4083 1863 4120 ver-
1948 4064 2143 4119 landet
2175 4081 2308 4138 war,
2349 4066 2582 4121 brachte
2617 4084 2744 4122 man
2779 4070 2880 4123 der
2913 4067 3190 4137 Gottheit,

623 4140 848 4198 bunden
890 4158 1092 4195 waren.
1948 4140 2114 4191 unter
2159 4135 2330 4191 deren
2377 4135 2614 4191 Schutze
2661 4154 2720 4192 es
2767 4138 2931 4193 stand
2993 4138 3136 4194 tutel

724 4212 820 4268 ⁸1.
886 4210 1097 4293 fauces]
1130 4208 1443 4281 Meet-enge.
1949 4204 2070 4275 vgl,
2095 4222 2166 4258 m
2201 4204 2272 4261 V.
2309 4205 2366 4275 2)
2399 4205 2488 4261 ein
2527 4203 2702 4276 Opfer
2715 4249 2730 4276 ‚
2775 4207 2899 4262 hier
3085 4154 3193 4263 ιοῖῘ

724 4280 817 4338 ⁸2.
883 4283 1101 4352 gannim,
1142 4280 1336 4349 mamb]
1404 4278 1602 4333 beiden·
1659 4275 1864 4340 Meet-e,
1950 4289 2008 4329 es
2043 4272 2144 4327 der
2179 4274 2433 4330 Minerva
2465 4276 2742 4346 gebracht
2775 4278 3013 4333 werden.

622 4350 867 4406 namlich
915 4350 1013 4405 den
1058 4348 1378 4421 Agffiaohen
1425 4346 1541 4401 und
1584 4346 1680 4401 des
1714 4342 1862 4397 uu·
2053 4342 2146 4398 44.
2216 4342 2360 4410 facit
2415 4344 2570 4413 paflt.

622 4436 987 4474 marmeeres
1023 4418 1382 4489 (Propontis).
2053 4412 2143 4469 45.
2462 4414 2473 4427 '
2577 4414 2598 4485 ]
2643 4415 2754 4487 vgl.
2801 4416 2903 4471 das
2949 4416 3194 4475 Namem

550 4530 553 4537 -
723 4488 819 4545 84.
889 4486 1173 4545 instabilis
1228 4486 1499 4559 Cyaneas]
1557 4485 1669 4541 die.
1702 4480 1860 4553 Sym·
1949 4482 2198 4552 register.
2285 4482 2410 4555 Auf
2462 4483 2562 4538 der
2617 4484 2766 4541 Insel
2819 4486 3189 4559 Samothrake

618 4559 913 4630 plegadon,
1948 4550 2176 4606 wurden
2211 4554 2292 4608 nie
2326 4553 2626 4609 besonders
2659 4554 2900 4611 verehrt.
