3684 5275
631 411 719 478 94
1658 447 1665 456 ·
1708 417 1948 472 Zweiter
1991 415 2133 472 Teil.

814 611 870 650 ιο
989 582 1291 663 Caraque
1328 581 1679 662 praecipue
1722 579 2015 664 coniugis
2057 598 2176 646 ora
2217 595 2418 644 meae.

904 687 1141 772 Stulte,
1186 687 1343 769 quid
1386 687 1550 754 haec
1594 685 1847 752 frustra
1891 686 2066 754 votis
2109 684 2468 768 puerilibus
2511 688 2718 767 optas,

994 794 1179 879 Quae
1221 811 1353 860 non
1395 793 1534 858 ulla
1576 792 1705 859 tibi
1748 792 2014 874 fertque
2055 791 2354 872 feretque
2397 789 2583 856 dies?

906 901 977 968 Si
1022 900 1223 968 semel
1267 899 1621 980 optandum
1665 903 1785 983 est,
1830 898 2117 982 Augusti
2159 915 2398 964 numen
2441 897 2662 980 adora,

996 1007 1107 1090 Et,
1150 1023 1342 1088 quem
1386 1005 1669 1089 sensisti,
1710 1005 1842 1072 rite
1885 1022 2155 1088 precare
2199 1005 2406 1071 deum.

818 1137 874 1179 ιε
906 1113 1031 1180 Ille
1074 1113 1203 1180 tibi
1246 1129 1622 1194 pennasque
1665 1115 1886 1194 potest
1929 1129 2286 1192 currusque
2329 1110 2629 1179 volucres

999 1219 1305 1286 Tradere.
1382 1218 1496 1283 det
1538 1218 1839 1302 reditum,
1884 1216 2184 1300 protinus
2227 1215 2366 1282 ales
2410 1216 2558 1282 eris.

912 1326 983 1393 Si
1028 1343 1258 1407 precer
1299 1325 1424 1390 hoc
1468 1359 1559 1370 —
1599 1342 1813 1406 neque
1858 1323 2029 1391 enim
2073 1341 2331 1405 possum
2375 1321 2626 1388 maiora
2669 1338 2902 1404 rogare
2945 1357 3036 1368 —

1002 1433 1102 1497 Ne
1145 1448 1291 1498 mea
1334 1429 1487 1512 sint,
1532 1429 1748 1513 timeo,
1794 1435 1956 1497 vota
1999 1429 2295 1496 modesta
2335 1447 2584 1511 parum.

912 1538 1225 1606 Forsitan
1267 1537 1393 1603 hoc
1438 1535 1609 1620 olim,
1656 1554 1799 1602 cum
1845 1536 1976 1602 iam
2021 1534 2373 1602 satiaverit
2414 1535 2600 1618 iram,

824 1672 881 1712 κο
1001 1645 1187 1710 Tunc
1232 1661 1489 1725 quoque
1533 1641 1819 1709 sollicita
1861 1646 2098 1726 mente,
2143 1642 2470 1724 rogandus
2515 1641 2663 1706 erit.

918 1749 1103 1834 Quod
1146 1750 1377 1832 minus,
1421 1749 1679 1814 interea
1722 1752 1825 1814 est
1869 1748 2084 1814 instar
2125 1747 2286 1814 mihi
2329 1748 2614 1814 muneris
2659 1746 2883 1828 ampli:

1005 1856 1113 1923 Ex
1155 1857 1259 1922 his
1303 1873 1407 1922 me
1448 1855 1678 1920 iubeat
1721 1854 2017 1936 quolibet
2057 1855 2157 1920 ire
2200 1853 2376 1921 locis.

917 1963 1054 2029 Nec
1098 1961 1368 2046 caelum,
1412 1979 1535 2027 nec
1578 1978 1791 2041 aquae
1834 1959 2107 2045 faciunt,
2151 1979 2275 2027 nec
2317 1965 2517 2044 terra,
2562 1977 2684 2025 nec
2729 1977 2953 2041 aurae;

1006 2067 1094 2134 Ei
1138 2067 1315 2150 mihi,
1360 2071 1715 2150 perpetuus
1760 2085 2034 2150 corpora
2076 2067 2354 2151 lang-nor
2397 2067 2623 2133 habet!

827 2200 884 2240 π
918 2175 1045 2242 Seu
1092 2173 1343 2242 vitiant
1388 2177 1574 2239 artus
1620 2191 1864 2255 aegrae
1909 2173 2220 2256 contagia
2263 2175 2517 2257 mentis,

1011 2280 1167 2348 Sive
1210 2280 1340 2345 mei
1384 2297 1585 2346 causa
1631 2285 1733 2345 est
1774 2279 1846 2344 in
1891 2279 2160 2362 regione
2201 2279 2376 2364 mali,

920 2387 1016 2454 Ut
1058 2386 1257 2469 tetigi
1300 2386 1601 2468 Pontum,
1646 2390 1900 2451 vexant
1941 2385 2278 2470 insomnia,
2322 2385 2567 2467 vixque

1000 2492 1177 2560 Ossa
1218 2491 1393 2574 tegit
1435 2491 1693 2575 macies,
1736 2509 1859 2558 nec
1902 2491 2094 2557 iuvat
2138 2509 2256 2557 ora
2300 2490 2508 2573 cibus3

922 2597 1179 2685 Quique
1222 2615 1342 2681 per
1386 2602 1765 2665 autumnum
1810 2597 2135 2680 percussis
2179 2596 2426 2681 frigore
2470 2599 2678 2682 primo

832 2734 890 2775 ao
1010 2706 1136 2773 Est
1181 2705 1360 2772 color
1400 2704 1471 2771 in
1516 2703 1709 2789 foliis,
1756 2722 1924 2786 quae
1965 2722 2140 2772 nova
2183 2705 2384 2771 laesit
2425 2703 2652 2789 hiemS,'

923 2812 993 2879 Is
1038 2830 1185 2879 mea
1228 2813 1519 2878 membra
1562 2815 1777 2893 tenet;
1823 2829 1945 2877 nec
1989 2810 2241 2877 viribus
2286 2812 2559 2879 adlevor
2601 2810 2770 2895 ullis,

1014 2918 1109 2985 Et
1150 2937 1502 3000 numquam
1546 2916 1803 2999 queruli
1845 2935 2044 2984 causa
2087 2917 2328 2985 doloris
2373 2920 2580 2985 abest.

928 3024 1066 3091 Nec
1108 3024 1339 3091 melius
1385 3022 1593 3109 valeo,
1640 3043 1834 3106 quam
1881 3042 2165 3107 corpore,
2211 3030 2444 3109 mente,
2487 3025 2606 3091 sed
2649 3042 2854 3108 aegra
2899 3028 3000 3090 est

1019 3131 1318 3212 Utraque
1361 3148 1515 3212 pars
1562 3148 1767 3211 aeque
1811 3130 2096 3211 binaque
2142 3132 2379 3197 damna
2423 3130 2581 3198 fero.

840 3262 897 3305 οε
929 3238 1183 3303 Haeret
1228 3240 1297 3302 et
1342 3241 1499 3302 ante
1543 3236 1761 3302 oculos
1806 3235 2018 3303 veluti
2061 3238 2423 3319 spectabile
2468 3255 2702 3318 corpus

1020 3344 1225 3409 Astat
1268 3342 1575 3409 fortunae
1618 3340 1831 3409 forma
1873 3342 2153 3425 legenda
2195 3361 2402 3409 meae:

933 3448 1219 3529 Cumque
1261 3450 1471 3516 locum
1516 3466 1853 3531 moresque
1897 3448 2226 3515 hominum
2272 3448 2613 3533 cultusque
2659 3466 3014 3531 sonumque

1024 3553 1376 3637 Cernimus,
1422 3560 1489 3620 et
1535 3554 1693 3635 quid
1735 3555 1858 3621 sim
1903 3556 2057 3637 quid
2101 3555 2480 3639 fuerimque,
2526 3556 2722 3640 subit,

936 3660 1189 3727 Tantus
1234 3678 1415 3727 amor
1458 3660 1636 3727 necis
1681 3666 1800 3745 est,
1848 3680 2088 3744 querar
2131 3668 2208 3729 ut
2253 3682 2397 3730 cum
2443 3661 2745 3730 Caesaris
2788 3662 2908 3745 ira,

850 3790 905 3829 ιο
1024 3766 1211 3851 Quod
1253 3784 1384 3833 non
1430 3766 1708 3833 offensas
1752 3767 2047 3835 vindicet
2091 3788 2242 3836 ense
2285 3788 2456 3838 suas,

782 3970 871 4055 1·4.
940 3971 1157 4055 rim-d.
1194 3972 1249 4027 h.
1286 3972 1390 4026 mit
1425 3970 1573 4026 allen
1612 3968 1731 4027 ‹len'
1756 3972 1918 4027 Zere·'
2004 3992 2111 4028 nur
2160 3993 2254 4029 um
2304 3974 2654 4047 Versetzung
2709 3974 2768 4028 in
2828 3970 2952 4026 eine
3009 3972 3242 4027 mildere

672 4056 929 4097 monieen
1027 4058 1133 4096 wie
1202 4058 1333 4096 man
1396 4058 1469 4095 zu
1526 4042 1633 4097 den
1692 4042 1918 4097 wahren
2007 4043 2092 4099 Ge
2134 4043 2256 4097 end.

670 4110 917 4167 'Gffltern
943 4081 1122 4193 ’beten
1420 4180 1435 4194 .
2093 4062 2202 4169 {Q
2272 4112 2516 4185 faciunt]
2563 4112 2906 4195 intransitiv:
2959 4112 3085 4165 sind
3139 4111 3242 4164 mir

720 4253 733 4265 .
784 4179 875 4237 18.
946 4185 1105 4237 hmo
1150 4196 1223 4235 m
1264 4187 1369 4263 etc.
1416 4187 1491 4234 ist
1522 4180 1806 4264 lfflachsatz
1853 4198 1922 4235 zu
2007 4181 2272 4250 niitzlich,
2308 4184 2640 4238 bekommen
2673 4199 2796 4236 mir.
3227 4190 3234 4199 ⁶

672 4267 731 4307 ⁸·
754 4250 1425 4377 marazam
1660 4268 1757 4374 π
1777 4250 1925 4375 ea
2012 4251 2425 4377 „flemis
2441 4248 3248 4375 „mma

680 4321 781 4475 ἔξει
814 4338 1347 4475 ιιιῗζωὼοιοὶιοίᾶοιι,
1386 4392 1407 4459 (
1468 4406 1559 4444 eae
1582 4360 1737 4444 B’itte
1767 4389 1924 4443 kann
2011 4406 2110 4445 vor
2145 4392 2366 4447 meinen
2402 4394 2621 4473 Augen.
3211 4338 3250 4392 g

670 4475 775 4599 fir.
788 4463 977 4583 ⁸332?
1012 4459 1169 4599 {Sssh
1188 4458 1924 4584 affitssffffiffnvsssffiffff
2113 4460 2207 4585 ἓξ·
2242 4462 2448 4599 miii]
2463 4460 2554 4514 ‘¹¹⁰
2567 4458 3262 4583 ffii‘bff³⁸⁰h0){⁵.?¹⁸⁶¹¹³“

1135 4570 1149 4597 2
1885 4546 1926 4600 g
2188 4567 2206 4587 .
2279 4546 2346 4586 su
2483 4546 2570 4583 me
2693 4546 2726 4583 ο
2765 4547 2829 4585 er
2861 4546 2987 4583 men
3046 4546 3118 4583 m.
