3684 5275
1460 407 1562 462 No.
1587 407 1622 462 8
1657 409 1711 480 (1
1733 410 2053 484 469—586).
2955 415 3039 481 25

737 584 963 661 Cacus,
1007 579 1382 647 Aventinae
1427 582 1623 650 timor
1668 590 1871 667 atque
1912 588 2189 657 insamia
2230 590 2460 673 silvae,
2498 650 2503 655 .

825 688 970 754 Non
1011 687 1162 753 leve
1203 685 1498 755 finitimis
1540 690 2037 777 hospitibusque
2080 696 2337 763 malum.

651 824 705 865 ει
735 796 904 865 Dira
945 792 1090 861 viro
1134 792 1356 877 facies,
1401 794 1580 862 vires
1623 817 1742 879 pro
1785 817 2070 885 corpore,
2117 820 2351 884 corpus

827 900 1126 970 Grande:
1172 904 1366 981 pater
1409 903 1683 969 monstri
1726 905 2046 974 Mulciber
2091 908 2285 975 huius
2329 913 2493 975 erat.

737 1010 994 1089 Proque
1041 1006 1227 1072 domo
1272 1004 1486 1089 longis
1531 1009 1842 1091 spelunca
1886 1014 2249 1081 recessibus
2292 1014 2525 1097 ingens

825 1112 1112 1196 Abdita,
1138 1112 1256 1179 vix
1299 1112 1460 1195 ipsis
1503 1114 1902 1185 invenienda
1943 1118 2121 1187 feris

738 1220 872 1289 Ora
917 1237 1116 1302 super
1157 1224 1378 1302 postes
1424 1219 1758 1304 affixaque
1801 1225 2112 1294 bracchia
2155 1226 2459 1311 pendent,

646 1353 704 1395 oo
823 1326 1268 1407 squalidaque
1312 1326 1613 1393 humanis
1659 1330 1914 1396 ossibus
1963 1332 2146 1398 albet
2187 1333 2438 1398 humus.

735 1434 1021 1501 Servata
1065 1432 1238 1499 male
1281 1437 1476 1515 parte
1519 1435 1713 1502 boum
1759 1436 1917 1504 Iove
1962 1440 2161 1503 natus
2206 1438 2468 1505 abibas:

823 1538 1150 1623 Mugitum
1193 1556 1394 1605 rauco
1439 1538 1624 1607 furta
1669 1542 1907 1610 dedere
1951 1562 2125 1611 sono.

739 1646 1026 1727 ‘Accipio
1071 1647 1478 1713 revocamen’
1524 1646 1641 1731 ait,
1687 1666 2040 1730 vocemque
2085 1655 2345 1716 secutus

831 1752 1044 1836 Imffla
1087 1770 1205 1835 per
1249 1751 1452 1818 silvas
1497 1752 1712 1820 victor
1757 1756 1845 1819 ad
1890 1759 2087 1821 antra
2130 1756 2333 1822 venit.

651 1886 706 1927 aa
735 1858 860 1927 me
905 1859 1158 1925 aditum
1202 1857 1403 1923 fracti
1447 1863 1949 1939 praestruxerat
1995 1862 2179 1929 obice
2222 1862 2478 1946 montis,

829 1966 961 2033 Vix
1004 1966 1165 2048 iuga
1207 1964 1565 2031 movissent
1609 1966 1896 2047 quinque
1942 1968 2045 2033 bis
2090 1968 2253 2034 illud
2299 1986 2474 2050 opus.

740 2072 995 2139 Nititur
1038 2072 1148 2137 hic
1191 2071 1432 2138 umeris
1472 2109 1563 2119 -—
1608 2073 1863 2139 caelum
1908 2091 2163 2154 quoque
2208 2076 2471 2140 sederat
2513 2074 2649 2141 illis
2692 2112 2779 2123 —-

799 2235 802 2239 s
832 2180 927 2245 Et
970 2182 1234 2246 vastum
1279 2183 1460 2244 motu
1504 2176 1996 2246 conlabefactat
2039 2197 2215 2246 onus.

743 2284 931 2370 Quod
975 2285 1168 2351 simul
1213 2302 1512 2351 eversum
1557 2291 1677 2368 est,
1721 2284 1949 2369 fragor
1994 2286 2267 2353 aethera
2308 2287 2555 2354 terruit
2594 2288 2824 2373 ipsum,

627 2419 710 2459 100
828 2393 1105 2473 Ictaque
1148 2392 1444 2458 subsedit
1487 2392 1772 2473 pondere
1815 2392 2005 2459 molis
2049 2393 2299 2459 humus.

743 2498 966 2565 Prima
1010 2503 1232 2565 movet
1276 2498 1484 2564 Cacus
1530 2499 1773 2565 collata
1815 2499 2071 2579 proelia
2114 2496 2368 2583 dextra,

830 2606 1123 2688 Remque
1166 2604 1355 2672 ferox
1397 2604 1578 2672 saxis
1621 2604 2089 2688 stipitibusque
2133 2605 2324 2688 gerit
2574 2693 2579 2700 .

745 2711 908 2797 Quis
948 2712 1065 2778 ubi
1109 2711 1204 2777 nil
1249 2711 1492 2795 agitur,
1536 2711 1792 2793 patrias
1835 2711 2008 2778 male
2052 2710 2247 2777 fortis
2293 2714 2378 2777 ad
2423 2718 2604 2780 artes

835 2817 1164 2901 Confugit,
1210 2822 1281 2883 et
1323 2817 1618 2884 flammas
1661 2836 1776 2884 ore
1795 2830 1802 2834 ·
1819 2821 2095 2884 sonante
2139 2818 2361 2884 vomit.

635 2946 716 2986 105
748 2922 928 3008 Quas
973 2923 1272 3006 quotiens
1316 2923 1576 3005 proflat,
1622 2923 1879 3005 spirare
1923 2924 2237 3005 Typhoea
2282 2925 2511 2990 credas

839 3029 936 3096 Et
976 3031 1278 3112 rapidum
1322 3029 1622 3096 Aetnaeo
1667 3029 1893 3112 fulgur
1938 3030 2025 3096 ab
2070 3029 2224 3112 igne
2265 3029 2413 3096 iaci.

750 3135 1045 3218 Occupat
1089 3135 1372 3220 Alcides,
1418 3137 1830 3217 adductaque
1874 3136 2068 3202 clava
2111 3135 2389 3202 trinodis

837 3244 970 3310 Ter
1012 3246 1253 3323 quater
1295 3242 1558 3309 adversi
1602 3241 1776 3309 sedit
1818 3242 1887 3308 in
1936 3260 2049 3309 ore
2092 3241 2239 3308 viri.

745 3348 872 3416 me
917 3349 1114 3434 cadit,
1159 3349 1527 3430 mixtosque
1569 3347 1778 3415 vomit
1822 3366 1967 3414 cum
2012 3348 2331 3432 sanguine
2375 3347 2602 3434 fumos,

629 3483 712 3522 110
831 3457 924 3522 Et
967 3457 1106 3523 lato
1151 3454 1432 3522 moriens
1475 3459 1740 3536 pectore
1783 3454 2049 3538 plangit
2090 3455 2370 3521 humum.

745 3562 1048 3629 Immolat
1093 3581 1176 3630 ex
1219 3561 1354 3627 illis
1398 3566 1660 3627 tamum
1703 3562 1850 3643 tibi,
1895 3561 2210 3644 Iuppiter,
2254 3579 2453 3632 unum

834 3668 1082 3752 Victor,
1128 3674 1198 3735 et
1242 3669 1623 3734 Evandrum
1669 3668 2115 3748 ruricolasque
2159 3675 2370 3736 vocat.

745 3774 1232 3858 Constituitque
1275 3775 1419 3857 sibi,
1465 3791 1634 3854 quae
1677 3774 1969 3838 Maxima
2014 3774 2269 3859 dicitur,
2318 3793 2515 3858 aram,

831 3881 962 3947 Hic
1005 3881 1120 3946 ubi
1164 3898 1318 3962 pars
1363 3880 1566 3947 Urbis
1612 3881 1694 3946 de
1737 3881 1907 3946 bove
1951 3897 2182 3946 nomen
2227 3881 2447 3946 habet.

624 4013 708 4055 ιιι
739 3988 876 4054 Nec
919 3992 1103 4054 tacet
1146 3987 1444 4054 Evandri
1489 3991 1702 4052 mater
1743 4003 1947 4067 prope
1990 3991 2247 4070 tempus
2294 3987 2539 4070 adesse,

616 4256 706 4312 85.
769 4259 894 4326 pro]
932 4254 1354 4339 entsprechend.
1401 4325 1414 4338 ·
1947 4255 2080 4312 100.
2152 4253 2418 4324 subsedit]
2480 4254 2675 4309 nenkte
2745 4254 2863 4309 sich
2878 4297 2893 4327 ,
2965 4272 3047 4309 er·

499 4377 508 4388 ,
612 4325 703 4383 87.
775 4325 1096 4395 recombus]
1109 4323 1719 4393 Schlupfwmkel,Ver·
1805 4323 1991 4378 bebte.
2256 4395 2271 4408 ⁰
2608 4394 2622 4406 ·

475 4393 705 4521 &aa
776 4465 896 4533 ora]
930 4461 1188 4520 schedel.
1890 4419 1897 4427 ⁰
1946 4393 2075 4520 ἷῗῗῖ
2142 4392 2911 4518 Effqfoffioebssfflffssffi
2948 4481 3041 4534 ge-

617 4532 709 4588 91.
782 4539 1008 4588 servata
1041 4533 1204 4602 male]
1225 4553 1297 4583 =
1323 4533 1543 4588 amissa.
1803 4532 1991 4588 meint.
