3684 5275
1429 442 1534 499 No.
1561 444 1630 499 14
1662 444 1772 515 (VI
1796 445 2114 516 sev-624).
2966 452 3051 518 35

755 618 967 703 Regia
1010 636 1116 685 res
1160 618 1372 685 scelus
1418 622 1544 685 est!
1613 637 1834 687 socero
1883 639 2043 703 cape
2086 641 2291 707 regna
2334 630 2586 708 necato,

667 751 723 791 ιο
840 724 934 791 Et
978 728 1238 791 nostras
1279 725 1498 807 patrio
1544 726 1861 809 sanguine
1902 728 2135 811 tingue
2178 748 2407 795 manus
2417 730 2449 795 1’

757 830 1026 899 Talibus
1069 831 1422 897 instinctus
1467 831 1626 899 solio
1671 832 1975 914 privatus
2018 834 2088 901 in
2134 835 2269 903 alto

842 936 1134 1005 Sederat.
1185 1008 1188 1011 ,
1223 937 1581 1003 attonitum
1627 939 1861 1022 volgus
1907 942 1993 1009 ad
2038 960 2218 1007 arma
2262 943 2429 1007 ruit:

754 1042 927 1109 Hinc
972 1062 1177 1127 cruor,
1221 1044 1375 1109 hinc
1420 1045 1666 1128 caedes,
1711 1044 2092 1129 infirmaque
2136 1048 2426 1115 vincitur
2470 1054 2686 1115 aetas:

843 1148 1118 1232 Sceptra
1161 1168 1365 1234 gener
1407 1168 1629 1217 socero
1674 1156 1869 1233 rapta
1913 1152 2240 1234 Superbus
2285 1154 2504 1222 habet.

669 1282 720 1323 ιε
752 1256 903 1338 Ipse
945 1255 1068 1322 sub
1114 1256 1447 1339 Esquiliis,
1494 1258 1608 1323 ubi
1655 1261 1800 1324 erat
1843 1276 1964 1324 sua
2008 1259 2209 1342 regia,
2256 1278 2482 1327 caesus

842 1362 1141 1430 Concidit
1185 1363 1255 1429 in
1301 1363 1466 1429 dura
1509 1363 2051 1446 sanguinulentus
2094 1367 2305 1434 humo.

751 1468 946 1551 Filia,
994 1473 1303 1551 carpento
1347 1469 1599 1551 patrios
1643 1470 1895 1537 initura
1937 1476 2228 1556 penates,

841 1575 997 1642 Ibat
1041 1594 1160 1658 per
1202 1575 1447 1641 medias
1493 1575 1634 1641 alta
1677 1575 1991 1657 feroxque
2037 1579 2198 1645 vias.

757 1680 1000 1765 Corpus
1046 1686 1122 1747 ut
1169 1681 1442 1765 aspexit,
1486 1681 1771 1748 lacrimis
1811 1684 2051 1768 auriga
2095 1684 2376 1767 profusis

666 1814 722 1853 20
839 1788 1134 1855 Restitit.
1223 1789 1396 1854 hunc
1441 1788 1564 1853 tali
1610 1788 1882 1871 corripit
1924 1790 2043 1855 illa
2087 1810 2268 1857 sono:
2298 1800 2303 1806 ”

755 1894 994 1978 ‘Vadis,
1041 1914 1126 1962 an
1172 1899 1480 1977 expectas
1526 1882 1808 1976 pretium
1853 1895 2124 1978 pietatis
2171 1897 2501 1963 amarum?

841 1999 1002 2085 Duc,
1047 2002 1328 2085 inquam,
1371 2000 1618 2067 invitas
1661 2000 1806 2083 ipsa
1850 2020 1970 2084 per
2013 2020 2129 2068 ora
2173 2004 2403 2069 rotasl’

758 2105 954 2173 Certa
995 2107 1156 2174 fides
1201 2107 1380 2173 facti.
1474 2107 1687 2174 dictus
1731 2107 2102 2175 Sceleratus
2150 2110 2233 2175 ab
2280 2110 2399 2175 illa

843 2213 1060 2297 Vicus,
1107 2219 1177 2280 et
1221 2218 1494 2280 aeterna
1537 2232 1644 2281 res
1689 2232 1769 2280 ea
1814 2232 2039 2295 pressa
2084 2219 2262 2280 nota.

668 2342 721 2382 π»
750 2319 914 2387 Post
959 2325 1179 2386 tamen
1223 2321 1346 2387 hoc
1391 2338 1553 2387 ausa
1597 2324 1700 2386 est
1742 2321 2073 2404 templum,
2118 2321 2515 2387 monimenta
2558 2322 2868 2405 parentis,

843 2427 1158 2509 Tangere.
1248 2428 1415 2492 mira
1459 2426 1732 2511 quidem,
1776 2427 1893 2493 sed
1937 2432 2157 2493 tamen
2203 2431 2355 2493 acta
2398 2426 2647 2507 loquar.

756 2530 1026 2615 Signum
1074 2538 1217 2599 erat
1262 2533 1328 2599 in
1376 2532 1535 2600 solio
1582 2533 1872 2599 residens
1916 2534 2037 2599 sub
2083 2518 2367 2617 imagine
2411 2533 2616 2615 Tulli3

843 2638 1106 2706 Dicitur
1148 2641 1272 2706 hoc
1317 2641 1518 2706 oculis
1563 2640 1935 2722 opposuisse
1980 2659 2255 2724 manum,

756 2746 849 2812 Et
894 2765 1024 2812 vox
1070 2746 1296 2810 audita
1341 2751 1442 2812 est
1487 2746 1724 2813 ‘voltus
1769 2745 2149 2811 abscondite
2192 2751 2466 2828 nostro&

670 2875 726 2915 ao
843 2851 942 2916 Ne
985 2858 1183 2916 natae
1228 2853 1498 2917 videant
1543 2869 1660 2918 ora
1703 2850 1991 2917 nefanda
2032 2869 2216 2918 meae
2232 2851 2265 2918 1²

759 2956 963 3022 Veste
1009 2959 1167 3022 data
1211 2956 1477 3039 tegitur.
1569 2959 1758 3024 vetat
1801 2958 1973 3023 hanc
2017 2957 2314 3024 Fortuna
2358 2959 2623 3040 moveri,

849 3063 942 3128 Et
985 3062 1080 3128 sic
1125 3081 1162 3128 e
1205 3063 1448 3145 templo
1495 3067 1600 3128 est
1642 3063 1788 3144 ipsa
1832 3063 2053 3130 locuta
2096 3082 2249 3131 suo:

759 3168 906 3236 ‘Ore
951 3169 1246 3236 revelato
1291 3187 1422 3250 qua
1465 3169 1740 3250 primum
1786 3169 1930 3236 luce
1974 3171 2232 3251 patebit

845 3275 1129 3360 Sensim,
1176 3276 1338 3341 haec
1381 3275 1581 3358 positi
1627 3276 1836 3357 prima
1880 3277 2145 3359 pudoris
2192 3275 2353 3343 erit!

669 3409 722 3448 35
753 3382 1034 3466 Parcite,
1080 3387 1434 3466 matronae,
1479 3382 1724 3448 vetitas
1770 3383 2101 3466 attingere
2146 3390 2399 3464 vestes;

846 3488 1155 3556 Sollemni
1199 3488 1363 3554 satis
1409 3492 1510 3554 est
1556 3507 1715 3555 voce
1758 3507 2023 3556 movere
2066 3507 2307 3570 preces.

756 3594 986 3675 Sitque
1031 3600 1229 3676 caput
1272 3612 1525 3675 semper
1568 3594 1861 3662 Romano
1905 3593 2121 3661 tec‘tus
2168 3595 2427 3676 amictu,

845 3700 974 3784 Qui
1018 3719 1134 3766 rex
1179 3701 1248 3766 in
1293 3707 1520 3766 nostra
1562 3702 1877 3784 septimus
1921 3701 2105 3767 Urbe
2148 3700 2294 3766 fuit.

597 3875 685 3931 11.
757 3874 963 3929 talibus
987 3876 1300 3945 instinctus]
1335 3875 1514 3928 durch
1538 3874 1727 3930 solche
1919 3875 2010 3929 27.
2080 3873 2185 3928 sub
2245 3874 2485 3943 imagine
2548 3871 2719 3942 Tulli]
2788 3871 2889 3925 das
2946 3872 3055 3925 den

492 3943 686 3998 Reden
724 3944 1047 4016 ausgereizt.
1085 3974 1151 3984 —
1179 3943 1457 4014 privatus]
1505 3943 1726 3998 obwohl
1815 3943 2037 3996 Tullius
2071 3942 2375 3997 daretellte.

492 4031 552 4068 er
587 4014 730 4068 doch
765 4031 870 4067 11111·
905 4014 995 4067 ein
1031 4014 1282 4082 privatus
1318 4029 1448 4067 war.
1918 4013 2009 4069 34.
2120 4012 2597 4134 ositissabgelegt,
2636 4010 3006 4094 ausgegeben.

598 4083 685 4139 18.
756 4083 893 4153 alta]
939 4082 1408 4138 hocherhobenen
1455 4082 1724 4152 Hauptes.
1917 4083 2009 4138 87.
2138 4099 2201 4136 as
2300 4081 2381 4134 11d
2428 4082 2525 4136 des
2568 4079 2793 4135 Servius
2834 4079 3055 4134 Tullius

595 4153 685 4209 2⁰.
751 4154 979 4222 restitit]
1033 4151 1177 4205 hielt
1226 4168 1314 4206 an.
1363 4181 1425 4194 —
1478 4154 1726 4222 corripit]
1813 4169 1929 4206 war
1980 4153 2083 4208 mit
2136 4153 2288 4206 einer
2334 4150 2670 4206 Romischen
2719 4150 2883 4220 Toga
2935 4165 3055 4202 ver·

491 4219 778 4278 herrschte
811 4223 908 4276 ihu
945 4239 1034 4276 an.
1812 4222 1985 4275 hiillt·
2036 4239 2129 4275 um
2172 4220 2321 4274 dieze
2359 4219 2643 4274 Tatsache
2678 4237 2749 4274 zu
2784 4218 3053 4285 erklfiren,

594 4291 685 4349 28.
756 4299 907 4348 certa
973 4291 1113 4358 fides
1178 4290 1346 4362 facti}
1425 4291 1533 4344 dass
1606 4292 1728 4361 (das
1815 4291 1919 4344 hat
1965 4263 2109 4345 bvid
2162 4291 2253 4344 die
2308 4289 2661 4360 vorliegende
2717 4287 3054 4343 Geschichte

495 4357 864 4430 Furchtbare)
963 4357 1170 4416 eschah
1186 4401 1199 4427 ,
1265 4359 1428 4413 (1111111-
1486 4362 1612 4432 gibt
1670 4377 1728 4414 es
1815 4361 2054 4427 erzffinlt,
2102 4359 2377 4414 nachdem
2424 4376 2483 4413 er
2531 4360 2733 4413 vorher
2768 4373 2873 4410 von
2921 4358 3057 4412 επεὶ

497 4429 654 4484 einen
667 4432 916 4486 sicher-en
983 4430 1163 4496 eweis,
1179 4430 1424 4483 niimlich
1439 4430 1538 4484 der
1551 4429 1728 4485 Name
1817 4430 2057 4484 anderen
2084 4429 2471 4500 Erkliisungen
2488 4427 2840 4553 ffesproehen
2879 4427 3055 4481 hatte.

494 4497 594 4552 der
628 4499 839 4556 Strasse.
1918 4501 2008 4555 38.
2079 4500 2354 4568 septimus]
2406 4499 2503 4552 we·
2564 4496 2712 4552 Ovid
2748 4495 2855 4548 den
2892 4495 3058 4549 Titus

599 4568 688 4625 24.
756 4572 910 4640 nota]
947 4568 1220 4624 Schande.
1797 4568 2015 4622 -Tatius
2052 4569 2397 4622 mitrechnet.
2636 4651 2667 4704 3

2672 4652 2706 4687 ξ
