3684 5275
644 429 729 497 98

654 3903 661 3911 .
756 3944 847 4000 88.
917 3950 1058 3999 testa
1082 3972 1089 3979 ·
1112 3946 1203 4000 die
1240 3946 1532 4001 Eisdecke.

692 4084 822 4153 aas.)
871 4084 1094 4139 bezieht
1128 4086 1248 4141 sich
1292 4085 1397 4140 auf
1438 4086 1545 4141 den
1580 4086 1896 4158 gewfflbten

650 4519 769 4556 sam
803 4518 874 4555 zu
910 4500 1064 4557 Stein
1100 4509 1347 4557 erstarrt.

1726 422 1971 498 aweiter
2013 431 2158 497 Ten.
2213 456 2218 462 ·

1004 606 1423 687 Lubricaque
1464 607 1748 672 inmotas
1791 609 1970 672 testa
2014 571 2372 687 premebat*
2399 624 2618 688 aquas.
2705 635 2712 639 ·
2805 631 2830 638 ··
2924 599 2932 646 ἱ

915 714 1052 781 Nec
1096 713 1341 782 vidisse
1382 717 1491 780 sat
1536 717 1663 795 est3
1710 713 1942 778 durum
1987 712 2382 779 calcavimus
2428 731 2688 793 aequor,

826 847 884 887 ιο
1002 821 1322 901 Undaque
1366 838 1495 887 non
1538 820 1666 885 udo
1710 819 1831 884 sub
1878 819 2043 900 pede
2087 837 2338 884 summa
2381 819 2528 885 fuit.

918 926 988 992 Si
1033 926 1159 992 tibi
1204 925 1343 992 tale
1386 924 1629 992 fretum
1676 925 2015 1007 quondam,
2062 925 2378 1008 Leandre‚
2423 925 2680 993 fuisset‘

1006 1033 1150 1098 Non
1195 1032 1370 1099 foret
1415 1036 1737 1114 angustae
1780 1049 1954 1098 mors
1998 1036 2118 1096 tua
2162 1032 2406 1098 crimen
2452 1019 2677 1114 aquae.

917 1139 1083 1205 Tum
1128 1157 1338 1220 neque
1382 1156 1455 1205 se
1497 1137 1698 1220 pandi
1744 1144 2017 1220 possunt
2061 1138 2397 1220 delphines
2441 1139 2511 1203 in
2557 1157 2752 1204 auras

1008 1245 1291 1327 Tollere3
1339 1249 1650 1311 conantes
1696 1245 1862 1310 dura
1907 1249 2165 1310 coercet
2209 1245 2431 1311 hiems,

829 1379 884 1420 ιο
915 1353 1010 1418 Et
1055 1351 1353 1434 quamvis
1394 1351 1629 1418 boreas
1674 1351 1944 1416 iactatis
1987 1351 2247 1418 insonet
2291 1352 2433 1434 alis,

1007 1457 1282 1525 Fluctus
1326 1458 1396 1523 in
1441 1459 1702 1524 obsesso
1748 1457 2014 1541 gurgite
2057 1457 2275 1524 nullus
2321 1459 2474 1538 erit3

918 1565 1391 1646 Inclnsaequae
1435 1565 1588 1647 gelu
1616 1565 1910 1631 'stabunt
1954 1565 2024 1630 in
2069 1582 2390 1631 marmore
2419 1567 2699 1646 puppes,

1006 1673 1142 1738 Nec
1185 1671 1432 1755 poterit
1478 1671 1725 1754 rigidas
1767 1657 2016 1738 findere
2059 1689 2273 1737 remus
2320 1690 2540 1752 aquas,

918 1778 1218 1844 Vidimus
1261 1777 1330 1844 in
1376 1777 1590 1861 glacie
1635 1776 1848 1858 pisces
1893 1777 2167 1844 haerere
2213 1776 2471 1861 ligatoS‚

830 1909 887 1950 ω
1006 1883 1133 1951 Sed
1179 1902 1335 1966 pars
1379 1903 1461 1950 ex
1506 1883 1639 1950 illis
1684 1889 1843 1951 tunc
1889 1902 2145 1966 quoque
2188 1885 2348 1951 viva
2391 1884 2538 1951 fuit.

920 1991 1078 2059 Sive
1121 1990 1333 2074 igitur
1374 1991 1559 2070 nimii
1604 1992 1843 2057 boreae
1888 1991 1992 2058 vis
2036 2009 2239 2058 saeva
2281 1991 2583 2072 marinas,
2715 2030 2720 2034 —

1006 2097 1161 2164 Sive
1206 2098 1606 2163 redundatas
1650 2097 1915 2164 flumine
1959 2099 2139 2181 cogit
2181 2117 2403 2180 aquaS,

917 2205 1247 2287 Protinus,
1294 2210 1577 2285 aequato
1622 2204 1812 2270 siccis
1859 2205 2270 2286 aquilonibus
2313 2205 2561 2286 Histro,

1008 2311 1358 2379 Invehitur
1402 2310 1599 2377 celeri
1644 2311 1968 2377 barbarus
2013 2312 2221 2378 hostis
2267 2329 2447 2394 equo,

833 2442 886 2484 ω
918 2417 1144 2483 Hostis
1190 2435 1354 2498 equo
1398 2415 1651 2497 pollens
1694 2416 2018 2499 longeque
2061 2417 2330 2484 volante
2373 2418 2626 2500 sagitta

1009 2523 1309 2588 Vicinam
1353 2523 1493 2588 late
1538 2523 1975 2605 depopulatur
2018 2524 2298 2590 humum.

920 2627 1291 2711 Diffugiunt
1337 2629 1468 2713 ani,
1514 2629 1839 2711 nullisqoe
1886 2631 2224 2697 tuentibus
2271 2650 2464 2714 agros

1010 2736 1457 2802 Incustoditae
1502 2737 1903 2820 diripiuntur
1946 2754 2117 2819 opeS,
2759 2828 2764 2831 Ι

920 2841 1121 2908 Ruris
1166 2861 1320 2924 opes
1364 2862 1629 2928 parvae,
1674 2862 1872 2926 pecus
1917 2847 1986 2909 et
2030 2844 2383 2909 stridentia
2428 2844 2725 2925 plaustra

832 2970 887 3011 oo
1006 2948 1100 3015 Et
1146 2967 1307 3032 quas
1352 2951 1623 3017 divitias
1667 2951 1881 3016 incola
1923 2968 2174 3032 pauper
2215 2951 2434 3017 habet.

920 3055 1086 3121 Pars
1132 3056 1358 3138 agitur
1400 3057 1641 3123 vinctis
1684 3061 1834 3139 post
1879 3062 2140 3140 tergum
2186 3063 2382 3138 capta
2425 3057 2708 3137 lacertis.

1010 3162 1391 3244 Respiciens
1436 3162 1687 3230 frustra
1730 3182 1888 3229 rura
1932 3163 2266 3245 laremque
2309 3182 2511 3244 suum,

920 3268 1088 3334 Pars
1134 3268 1314 3334 cadit
1356 3255 1643 3335 hamatis
1688 3270 1924 3336 misere
1969 3269 2221 3336 confixa
2264 3269 2553 3351 sagittis:

1008 3375 1175 3440 Nam
1222 3374 1474 3442 volucri
1516 3376 1692 3441 ferro
1736 3376 1998 3442 tinctile
2043 3376 2226 3443 virus
2271 3375 2458 3440 inest.

832 3508 887 3549 σε
918 3480 1102 3564 Quae
1146 3486 1477 3563 nequeunt
1520 3500 1737 3549 secum
1782 3480 1961 3548 ferre
2005 3487 2125 3547 aut
2169 3482 2508 3563 abducere,
2555 3481 2852 3563 perdunt,
2893 3552 2900 3561 ,

1006 3586 1102 3666 Et
1148 3592 1395 3654 cremat
1439 3589 1729 3655 insontes
1774 3589 2030 3655 hostica
2074 3588 2334 3653 flamma
2377 3604 2584 3653 casas.

919 3694 1105 3759 Tunc
1148 3712 1420 3779 quoque,
1466 3713 1609 3762 cum
1653 3694 1786 3777 pa'x
1833 3693 1952 3779 est,
1997 3694 2333 3776 trepidant
2377 3694 2722 3759 formidine
2766 3692 2940 3774 bem,
3005 3670 3032 3683 '⁵
3186 3672 3218 3696 '⁸

1007 3800 1143 3866 Nec
1188 3802 1528 3885 quisquam
1575 3810 1795 3885 press‘o
1842 3819 2103 3870 vomere
2147 3800 2363 3867 sulcat
2406 3792 2686 3867 humum.

756 4014 852 4070 4⁸.
914 3946 1129 4087 panii]
1164 4032 1310 4071 nom.
1344 4015 1490 4087 plur.
1526 4016 1707 4086 (nicht
1741 4015 1896 4070 infin.
1986 4016 2150 4070 keine
2188 4014 2410 4070 Wellen
2448 4016 2607 4070 mehr
2642 4014 2880 4085 schlligt.

2088 3948 2179 4002 53.
2251 3947 2506 4017 aequato]
2531 3944 2672 4000 ebe'n
2699 3944 2975 4015 gemacht,
3012 3944 3139 3999 weil
3164 3930 3225 3997 ei·

2089 4110 2182 4167 so.
2251 4112 2566 4181 ειηαοηιεα]
2609 4108 2947 4165 knirnehend
2977 4092 3074 4179 (in'
3097 4088 3222 4161 deni

706 4154 887 4279 ssehen
920 4154 1023 4278 ger
1058 4155 1381 4280 Dlt³,‘l·pliineii
1479 4225 1519 4278 h
1556 4224 1615 4279 Μ
1847 4226 1860 4239 .
1983 4170 2423 4252 feetgefrorenen
2459 4180 2714 4247 Schnee).

648 4318 722 4341 =
755 4260 854 4348 dg}
889 4241 1069 4347 Eizm
1146 4227 1296 4295 m]
1381 4242 1479 4280 ure
1617 4230 1896 4295 etonymle
1991 4305 1996 4313 ·
2085 4276 2180 4333 61.
2289 4278 2404 4347 ars]
2422 4276 2732 4346 ensspricht
2748 4280 2962 4330 anstatt
2979 4274 3081 4329 alii
3098 4274 3224 4329 dem

754 4364 845 4419 46.
918 4364 1149 4432 οόεθθεο]
1185 4363 1429 4417 1)Μίοὴ
1466 4380 1593 4419 vom
1628 4363 1775 4417 Eine.
1982 4345 2081 4400 alii
2113 4347 2172 4399 in
2267 4387 2280 4401 .
2318 4348 2406 4402 57.
2439 4376 2507 4387 --
2549 4346 2734 4415 capta]
2780 4343 3053 4400 verbinde
3099 4348 3223 4413 prii·

754 4433 847 4489 47.
916 4434 1199 4502 mamare]
1239 4433 1341 4487 das
1376 4431 1531 4489 Meet
1576 4434 1650 4487 ist
1683 4434 1893 4505 gleieh-
1982 4416 2204 4469 dikativ
2237 4418 2341 4471 mit
2376 4417 2578 4485 affim-

755 4571 847 4627 52.
914 4570 1275 4643 redundatas]
1316 4572 1751 4628 tiberstffimend.
1981 4574 2167 4628 sehen'.
2282 4600 2290 4607 ·

2083 4503 2174 4559 63.
2247 4502 2498 4571 hamatis]
2545 4501 2648 4555 mit
2682 4500 3069 4556 Widerhaken
3105 4518 3220 4555 ver-
