3684 5275
1447 434 1549 490 No.
1578 436 1638 489 11
1677 436 1786 505 (ιν
1811 436 2131 507 eoo-858).
2988 442 3075 508 29

769 610 1008 678 Ferret
1051 629 1236 692 opem
1283 608 1477 695 certe,
1523 612 1582 677 si
1625 628 1754 677 non
1799 629 1921 693 ope
1964 617 2179 678 mater
2221 620 2463 696 egeret,

858 716 1044 800 Quae
1086 716 1269 783 facta
1315 723 1420 784 est
1463 735 1590 783 uno
1636 722 1849 784 mater
1894 723 1965 784 et
2008 719 2170 784 orba
2215 718 2337 785 die.

769 822 946 889 Nata
990 823 1198 907 simul,
1242 824 1560 890 moritura
1605 823 1816 908 simul,
1862 824 2055 890 simul
2098 824 2195 891 ite
2238 826 2359 891 sub
2405 826 2613 891 undas

857 929 1141 1011 corpora
1150 931 1182 994 1’
1227 930 1532 1015 desierat,
1579 930 2009 1013 deposuitque
2053 931 2215 997 sinu.

680 1059 736 1101 ιι
767 1036 1134 1118 Vagierunt
1178 1037 1367 1102 ambo
1410 1037 1694 1118 pariter:
1741 1037 2018 1103 sensisse
2062 1042 2347 1118 putares.

852 1141 943 1207 Hi
987 1144 1267 1209 redeunt
1308 1144 1454 1209 udis
1497 1144 1569 1208 in
1615 1160 1737 1209 sua
1777 1148 1962 1208 tecta
2004 1143 2207 1225 genis.

763 1247 1061 1315 Sustinet
1103 1248 1438 1330 impositos
1481 1266 1730 1315 summa
1774 1268 1977 1316 cavus
2022 1250 2249 1316 alveus
2293 1251 2485 1315 unda.

851 1354 1001 1421 Heu
1047 1360 1360 1435 quantum
1405 1354 1535 1421 fati
1579 1373 1788 1436 parva
1836 1356 2087 1421 tabella
2130 1355 2318 1421 tulit!

763 1460 1012 1527 Alveus
1056 1460 1125 1526 in
1169 1462 1323 1528 limo
1369 1461 1556 1529 silvis
1602 1461 1911 1543 adpulsus
1956 1462 2175 1543 opacis

672 1590 729 1630 ao
847 1566 1178 1633 Paulatim
1224 1568 1423 1636 fluvio
1469 1568 1810 1634 deficiente
1854 1568 2056 1635 sedet.

763 1673 982 1739 Arbor
1025 1678 1201 1739 erat:
1247 1680 1586 1741 remanent
1630 1674 1934 1757 vestigia,
1979 1692 2275 1755 quaeque
2320 1679 2597 1741 vocatur

849 1778 1136 1846 Rumina
1177 1798 1352 1846 nunc
1394 1780 1571 1865 flcuS,
1615 1780 1895 1847 Romula
1936 1780 2097 1887 iicus
2142 1786 2303 1846 erat.

765 1885 968 1952 Venit
1012 1888 1095 1951 ad
1141 1887 1470 1968 expositos
1513 1922 1604 1933 -—
1647 1887 2051 1952 mirumt—
2095 1886 2253 1967 lupa
2295 1884 2438 1953 feta
2480 1886 2806 1969 gemellos,

854 1990 1017 2075 Quis
1062 1994 1289 2059 credat
1333 1993 1552 2074 pueris
1596 2010 1726 2060 non
1768 1993 2065 2059 nocuisse
2108 1991 2315 2057 feram
2330 1992 2363 2058 Ρ

674 2122 730 2164 ³⁶
760 2098 821 2163 N
821 2115 904 2163 on
957 2098 1254 2165 nocuisse
1307 2118 1536 2181 parum
1582 2103 1709 2181 est,
1764 2100 2031 2179 prodest
2085 2114 2353 2179 quoque.
2431 2116 2591 2179 quos
2634 2098 2791 2181 lupa
2832 2099 3062 2182 nutrit,

850 2205 1136 2273 Perdere
1179 2210 1500 2289 cognatae
1545 2206 1914 2272 sustinuere
1957 2223 2201 2271 manus.

762 2310 1092 2395 Constitit,
1139 2316 1209 2378 et
1253 2313 1462 2379 cauda
1507 2312 1750 2378 teneris
1795 2312 2134 2377 blanditur
2179 2311 2471 2391 alumnis

848 2418 942 2485 Et
985 2417 1178 2501 fingit
1221 2418 1448 2501 lingua
1491 2436 1763 2500 corpora
1806 2418 1965 2484 bina
2010 2436 2146 2484 sua.

759 2523 980 2591 Marte
1023 2530 1202 2591 satos
1247 2526 1479 2592 scires:
1527 2525 1726 2591 timor
1769 2524 1957 2591 afuit
2024 2526 2231 2590 ubera
2274 2524 2538 2606 ducunt,

672 2656 729 2695 ιο
847 2630 984 2698 Nec
1026 2632 1154 2699 sibi
1196 2632 1494 2715 promissi
1537 2632 1732 2698 lactis
1776 2630 2045 2698 aluntur
2089 2649 2229 2712 ope.

762 2736 893 2802 Illa
932 2737 1074 2804 loco
1118 2756 1350 2805 nomen
1395 2739 1572 2822 fecit,
1619 2739 1800 2805 locus
1841 2739 1985 2819 ipse
2027 2737 2360 2817 Lupercis.

849 2842 1096 2926 Magna
1139 2845 1282 2910 dati
1323 2846 1550 2910 nutrix
1593 2844 1887 2927 praemia
1928 2842 2123 2908 lactis
2166 2843 2385 2908 habet.

1382 3106 1494 3176 No.
1529 3107 1573 3176 ΙΙ
1621 3105 1743 3191 (IV
1776 3103 2176 3192 809—858).

999 3260 1399 3344 Grundung
1441 3261 1660 3330 Roms
1704 3260 1853 3329 und
1896 3260 2047 3329 'sod
2090 3259 2215 3328 des
2262 3261 2549 3329 Remus.

759 3419 900 3484 Iam
943 3419 1162 3486 luerat
1203 3437 1446 3502 poenas
1491 3419 1704 3486 frater
1747 3418 2124 3502 NumitoriS,
2172 3423 2241 3484 et
2286 3437 2471 3484 omne

845 3525 1190 3592 Pastorum
1234 3527 1489 3609 gemino
1535 3527 1654 3592 sub
1701 3526 1865 3591 duce
1910 3523 2143 3608 volgus
2189 3528 2353 3588 erat.

759 3630 1158 3698 contrahere
1204 3638 1498 3714 agrestes
1547 3637 1614 3698 et
1658 3632 1915 3697 moenia
1960 3647 2198 3712 ponere
2244 3630 2507 3710 utrique

847 3736 1184 3804 Convenit.
1247 3738 1628 3822 ambigitur,
1672 3737 1929 3805 moenia
1975 3741 2177 3818 ponat
2222 3741 2389 3801 uter.
2448 3813 2453 3818 ,

698 3865 724 3906 ι
755 3843 884 3908 ‘Nil
928 3833 1088 3925 op'us
1134 3843 1252 3910 est’
1297 3843 1467 3909 dixit
1511 3843 1902 3910 ‘certamine’
1947 3841 2259 3907 Romulus
2304 3841 2481 3908 ‘ulloz

843 3949 1090 4032 Magna
1131 3949 1290 4016 fides
1337 3950 1556 4017 avium
1602 3955 1720 4032 est,
1767 3947 2179 4030 experiamur
2224 3949 2415 4014 aves)

627 4148 718 4204 25.
788 4149 1038 4218 sensisse]
1108 4149 1438 4202 ventanden
1519 4146 1723 4217 haben,
1950 4144 2040 4202 40.
2480 4143 2929 4216 tisBelohnung
2962 4143 3055 4197 fur

489 4217 730 4272 nssmlich
765 4217 858 4273 die
891 4216 1084 4272 Reden
1121 4218 1222 4271 der
1261 4217 1463 4272 beiden
1497 4189 1725 4273 Diener.
1808 4215 1931 4270 ihre
1950 4161 2183 4283 Milch3
2180 4145 2479 4270 ιιὶίιιιίἱειίιιαο
2445 4216 2543 4269 der
2617 4231 2739 4270 ame
2756 4215 2847 4269 Lu
2885 4214 3055 4270 ercal.

625 4303 715 4361 23
786 4305 1010 4375 tamna]
1046 4303 1207 4360 1101„
1950 4255 2175 4341 No.11'.
2235 4285 2291 4342 2.
2346 4287 2561 4355 pomino
2583 4286 2686 4340 sub
2712 4233 3054 4352 duccfunter

626 4391 718 4448 83·
785 4391 924 4461 fcta]
942 4389 1083 4447 <hes
1087 4408 1234 4462 unge
1247 4389 1529 4463 geworfen
1547 4390 1724 4447 hatte.
1809 4354 1925 4478 ᾗ
1950 4353 2225 4478 ΓΒῙὲξξέἔ
2272 4356 2370 4408 ᾶθῑ·
2417 4353 2737 4426 zwillingffi
2782 4352 3055 4408 Romulus

626 4477 716 4534 ⁸8·
784 4477 966 4549 W]
999 4485 1175 4550 punt,
1210 4478 1378 4532 lecht-
1952 4495 2008 4550 3.
2080 4493 2421 4563 contrahere]
2438 4493 2681 4547 niimlich
2698 4509 2792 4545 um
2805 4491 2895 4545 die
2909 4507 3053 4546 neue

628 4565 717 4622 30.
785 4566 962 4620 ubera
973 4561 1724 4638 duouvtthaugenamEuter.
1813 4562 1979 4617 Stadt
2010 4579 2079 4616 zu
2113 4563 2380 4634 granden.
