3684 5275
601 338 688 403 32
1692 342 1885 395 Emer
1924 340 2071 395 Ten.

779 537 836 577 ιε
863 510 1024 576 Cum
1067 527 1230 591 pare
1273 524 1572 589 quaeque
1613 524 1733 573 suo
1777 512 2013 571 eoeunt
2056 504 2485 586 volum-esque
2524 506 2855 589 saneque,

953 618 1176 697 Atque
1219 615 1526 695 aliquam,
1569 613 1654 679 de
1695 630 1828 693 qua
1870 617 2191 693 procreet,
2234 612 2471 695 anguis
2510 613 2733 679 habet.

867 722 1204 789 Extremis
1247 723 1494 787 dantur
1537 718 1820 785 conubia
1862 718 2197 800 gentibus:
2242 724 2319 783 at
2360 736 2531 799 quae

955 828 1250 894 Romano
1295 828 1504 893 vellet
1543 826 1812 907 nubere,
1854 824 2041 890 nulla
2082 823 2231 889 fuit.

871 934 1148 1017 Indolui,
1193 934 1606 1017 patriamque
1648 932 1800 997 dedi
1841 930 1987 1011 tihi,
2032 930 2323 1013 Romule,
2364 938 2665 998 mentem.

783 1070 842 1109 20
963 1041 1194 1108 “Tolle
1235 1040 1514 1122 11100011,π
1557 1039 1698 1104 dixi
1745 1039 1959 1118 “quod
2000 1038 2175 1119 petis
2218 1056 2403 1103 arma
2444 1039 2749 1105 dabunt.”

871 1148 1076 1215 Festa
1121 1152 1320 1228 parat
1363 1146 1586 1212 Conso.
1629 1182 1720 1193 —
1763 1144 2011 1211 Consus
2052 1144 2183 1211 tibi
2226 1151 2451 1211 cetera
2494 1146 2687 1226 dicet,

961 1254 1088 1320 mo
1133 1253 1316 1319 facta
1357 1253 1466 1319 die
1507 1253 1661 1319 dum
1703 1270 1828 1317 sua
1870 1270 2059 1317 sam-a
2102 1270 2314 1317 canes.

872 1361 1254 1427 Intumuere
1295 1359 1498 1426 Cures
1541 1364 1614 1425 et
1657 1376 1819 1438 quoe
1862 1358 2049 1424 dolor
2090 1358 2325 1441 attigit
2364 1358 2555 1423 idem.

961 1466 1130 1533 'l'um
1171 1466 1450 1549 primum
1493 1465 1756 1549 generis
1795 1464 2029 1530 intulit
2072 1484 2254 1529 arma
2296 1482 2499 1531 eoeer.

799 1600 858 1641 ιε
887 1574 1158 1655 Iamque
1200 1573 1344 1639 fere
1383 1578 1618 1653 raptae
1661 1578 1945 1637 matrum
1990 1590 2247 1651 quoque
2286 1590 2521 1638 nomen
2563 1572 2919 1654 habebant,

966 1680 1342 1760 Tractaque
1385 1684 1578 1745 erant
1619 1678 1818 1761 longa
1860 1678 2037 1743 bella
2080 1679 2445 1760 propinqua
2486 1696 2687 1745 mora.

879 1786 1290 1853 Conveniunt
1330 1792 1578 1867 nuptae
1623 1786 1865 1851 dietam
1910 1786 2177 1851 Iunonis
2220 1786 2289 1850 in
2336 1786 2579 1869 aedem,

967 1892 1146 1977 Quas
1189 1894 1366 1959 inter
1409 1912 1555 1959 mea
1597 1892 1696 1958 sie
1739 1896 1842 1957 est
1886 1910 2089 1957 nurus
2132 1909 2283 1956 orsa
2326 1891 2534 1972 loqui:

885 1998 980 2067 “O
1024 2000 1278 2080 pariter
1319 2006 1569 2084 raptae,
1611 2036 1704 2047 —-
1747 1998 2049 2079 quoniam
2094 1999 2219 2063 hoe
2260 2016 2597 2064 commune
2639 2004 2935 2065 tenemus
2980 2036 3069 2046 —

792 2132 850 2173 no
965 2106 1110 2171 Non
1153 2106 1334 2171 ultra
1373 2106 1554 2171 lente
1595 2124 1935 2187 possumus
1979 2122 2121 2170 esse
2164 2106 2329 2186 piae.

883 2212 1080 2279 Stant
1123 2213 1326 2278 acies:
1371 2214 1488 2278 sed
1530 2217 1686 2277 ntra
1729 2212 1798 2277 di
1841 2212 1977 2275 sint
2020 2230 2138 2293 pro
2183 2216 2375 2294 parte
2420 2212 2711 2295 rogandi,

973 2318 1257 2402 Eligite:
1301 2318 1456 2383 hinc
1499 2317 1796 2399 coniunx,
1839 2317 1995 2382 hinc
2039 2322 2231 2398 pater
2272 2336 2457 2383 arma
2499 2324 2701 2384 tenet.

885 2424 1338 2509 Quaerendum
1383 2430 1504 2506 est,
1547 2422 1786 2489 viduae
1829 2423 1972 2488 fieri
2016 2424 2331 2506 malimus,
2376 2442 2462 2489 an
2504 2424 2721 2491 orbae.

975 2530 1328 2597 Consilium
1373 2530 1562 2596 vobis
1603 2529 1780 2595 forte
1823 2530 2129 2610 piumque
2175 2531 2395 2596 dabo.”

799 2665 856 2706 ιι
885 2637 1236 2706 Consilium
1281 2639 1570 2704 dederat.
1660 2643 1913 2720 parent,
1958 2635 2297 2718 crinesque
2341 2638 2697 2720 resolvunt,

972 2744 1360 2826 Maestaque
1401 2743 1674 2810 funerea
1717 2762 1991 2826 corpora
2032 2749 2219 2811 veste
2262 2750 2517 2828 tegunt.

883 2851 1026 2917 Iam
1070 2857 1400 2918 steterant
1445 2851 1620 2917 acies
1664 2850 1840 2916 ferro
1884 2851 2209 2931 mortique
2252 2857 2545 2934 paratae,

971 2957 1114 3024 Iam
1159 2958 1364 3023 lituus
1408 2975 1666 3040 pugnae
1709 2959 1899 3038 signa
1942 2958 2217 3023 datm-ns
2261 2963 2433 3022 erat:

887 3063 1046 3129 Cum
1092 3069 1326 3144 raptae
1369 3063 1644 3129 veniunt
1689 3064 1865 3128 inter
1908 3069 2261 3144 patresque
2304 3065 2629 3145 virosque,

797 3193 856 3233 ω
973 3169 1182 3249 Inque
1225 3169 1372 3234 sinu
1415 3171 1625 3250 natos»,
1668 3169 1947 3250 pignora
1990 3188 2161 3252 cara,
2206 3174 2454 3234 tenent.

887 3274 985 3342 Ut
1027 3275 1310 3340 medium
1357 3275 1568 3356 campi
1613 3275 1834 3340 scissis
1880 3275 2165 3356 tetigere
2209 3274 2483 3358 capillis,

980 3381 1060 3447 In
1107 3387 1352 3446 terram
1397 3381 1611 3463 posito
1657 3380 2061 3461 procubuere
2104 3398 2308 3463 genu:

891 3487 986 3554 Et
1031 3487 1222 3567 quasi
1264 3487 1606 3570 sentirent,
1651 3486 1893 3552 blando
1938 3485 2220 3554 elamore
2264 3493 2536 3568 nepotes

981 3593 1370 3659 Tendebant
1415 3595 1500 3658 ad
1544 3611 1706 3660 avos
1751 3593 2061 3658 bracchia
2104 3612 2313 3674 parva
2356 3611 2525 3688 suos.

805 3725 862 3766 as
891 3697 1020 3783 Qui
1063 3705 1344 3782 poterat,
1389 3699 1718 3765 clamabat
1764 3717 1979 3782 avum,
2022 3707 2181 3766 tune
2224 3701 2503 3780 denique
2548 3702 2776 3784 visum,

633 3905 856 4046 pul-{20
878 3906 1083 4029 diffie]
1138 3904 1470 3961 Weibehen.
1529 3935 1597 3946 -
1659 3911 1872 3979 coeunt]
1958 3905 2188 4028 Mamm.
2251 3908 2509 3978 primum]
2585 3925 2745 3978 wann
2816 3908 2908 3962 ein
2977 3909 3199 3962 meite·

769 4043 858 4101 17.
931 4045 1201 4114 extremis]
1237 4045 1330 4098 die
1358 4061 1450 4099 am
1475 4043 1871 4098 entferntesten
2096 4045 2188 4100 26.
2262 4045 2399 4099 bella
2448 4048 2792 4117 propinqua]
2862 4046 2963 4102 der
3020 4045 3201 4118 Krieg

633 4114 882 4184 wohnen,
925 4113 1043 4168 also
1083 4113 1526 4181 „unaivilisiert“.
1936 4119 2122 4182 ,unter
2159 4113 2548 4171 Verwandten.

773 4183 863 4241 19.
925 4187 1178 4307 {utrinqu
1235 4183 1352 4239 abo
1389 4183 1746 4256 kriegeriseh.
2098 4183 2192 4239 27.
2266 4185 2487 4256 dictam]
2525 4186 2873 4269 verapredet.
2890 4257 2905 4270 .
3144 4257 3157 4270 ·

770 4254 864 4309 22.
975 4271 1098 4307 mn:
1125 4269 1180 4307 10
1243 4252 1426 4307 werde
1451 4254 1557 4307 den
1583 4251 1750 4306 Raub
1775 4252 1875 4307 der
2100 4253 2192 4308 28.
2262 4253 2456 4328 nurus]
2516 4254 2788 4326 Hersilia,
2848 4255 2939 4310 die
2999 4255 3199 4311 Gattm
3265 4271 3275 4281 ·

635 4321 1041 4378 Sabinerinnen
1089 4322 1373 4388 erziihlen‚
1420 4339 1577 4378 wenn
1623 4323 1719 4375 ich
1767 4322 1875 4378 den
1962 4321 2059 4377 des
2092 4322 2379 4380 Romulus.

634 4391 764 4464 Τις
815 4392 914 4447 der
967 4391 1269 4447 Consualia
1321 4391 1427 4461 (21.
1481 4391 1725 4464 August)
1778 4393 1874 4446 be·
2099 4393 2191 4450 80.
2262 4395 2393 4450 Non
2438 4393 2609 4465 ultra]
2666 4395 2825 4449 nieht
2875 4395 3083 4467 lflnger.
3130 4425 3201 4437 —

632 4461 903 4519 schreibe.
1961 4461 2118 4536 lente]
2154 4463 2342 4536 liissig,
2379 4465 2525 4519 ohne
2560 4480 2630 4517 zu
2666 4465 2928 4519 handeln.
3138 4473 3143 4478 “
