3684 5275
1531 423 1634 478 No,
1660 424 1725 478 51
1762 425 1858 493 (tr.
1896 423 1950 478 V
1975 426 2046 492 7).
2558 481 2561 484 .
2949 431 3071 494 117

858 599 1064 666 Graia
1110 599 1509 682 Capheream
1556 617 1818 665 currere
1863 601 2099 682 puppis
2147 619 2398 681 aquam.

768 706 906 772 Nec
949 712 1185 788 tamen,
1231 710 1309 770 ut
1351 705 1596 790 lauder,
1641 707 1846 789 vigilo
1895 721 2242 787 curamque
2287 706 2497 773 futuri

855 812 1164 895 Nominis,
1210 810 1440 878 utilius
1485 813 1655 893 quod
1698 813 2022 896 latuisset,
2069 831 2212 895 ago,

764 919 1047 986 Detineo
1092 919 1329 984 studiis
1377 919 1660 984 animum
1705 917 1993 999 falloque
2039 919 2307 1003 doloreS‚

678 1051 735 1088 40
852 1025 1177 1108 Experior
1224 1025 1397 1090 curis
1443 1029 1513 1090 et
1558 1027 1715 1090 dare
1760 1026 1969 1092 verba
2013 1024 2189 1090 meis,

769 1131 937 1215 Quid
982 1132 1201 1213 potius
1254 1129 1495 1196 faciam
1541 1131 1816 1196 desertis
1863 1131 2037 1197 solus
2081 1131 2152 1196 in
2198 1133 2345 1213 0115,

856 1238 1152 1321 Quamve
1194 1237 1385 1304 malis
1432 1237 1630 1303 aliam
1675 1255 1990 1317 quaerere
2036 1255 2230 1304 coner
2275 1237 2502 1320 opem?

766 1344 923 1410 Sive
967 1344 1180 1409 locum
1222 1349 1464 1427 specto,
1510 1343 1688 1410 locus
1734 1348 1836 1409 est
1881 1344 2274 1428 inamabilis,
2321 1349 2389 1409 et
2435 1363 2557 1424 quo

857 1451 1023 1516 Esse
1067 1449 1233 1516 nihil
1278 1454 1418 1517 toto
1465 1450 1723 1516 tristius
1768 1451 1928 1516 orbe
1968 1454 2206 1532 potest,

676 1580 731 1622 45
765 1556 919 1623 Sive
965 1556 1273 1639 homineS,
1320 1555 1434 1623 vix
1478 1561 1633 1622 sunt
1677 1557 1967 1623 homines
2013 1557 2135 1622 hoc
2178 1557 2437 1622 nomine
2482 1558 2680 1639 digni,

856 1662 1194 1745 Quamque
1237 1663 1376 1744 lupi
1422 1681 1663 1730 saevae
1709 1663 1857 1744 plus
1903 1662 2194 1729 feritatis
2239 1663 2502 1728 habent.

766 1770 910 1834 Non
958 1773 1259 1835 metuunt
1302 1769 1499 1852 legeS,
1546 1769 1661 1835 sed
1706 1769 1884 1834 cedit
1928 1769 2181 1835 viribus
2227 1786 2520 1852 aequum,

858 1875 1185 1955 Victaque
1227 1875 1509 1958 pugnaci
1554 1876 1703 1940 iura
1747 1876 1870 1941 sub
1917 1893 2070 1942 ense
2115 1875 2352 1941 iacent.

766 1982 1059 2048 Pellibus
1106 1987 1176 2047 et
1220 1981 1391 2047 laxis
1438 1987 1666 2047 arcent
1710 1983 1886 2047 mala
1932 1980 2183 2064 frigora
2229 1981 2462 2062 bracia

677 2113 734 2152 50
854 2086 1115 2182 Qraque
1160 2094 1314 2155 sunt
1357 2088 1571 2172 longis
1616 2088 1883 2154 horrida
1928 2092 2111 2154 tecta
2156 2087 2368 2154 comis

766 2195 845 2260 In
890 2196 1115 2277 paucis
1162 2201 1397 2261 extant
1442 2195 1737 2262 Graecae
1781 2194 2070 2278 vestigia
2115 2194 2395 2276 linguae,

853 2302 1037 2368 Haec
1084 2319 1337 2384 quoque
1382 2303 1511 2366 iam
1560 2301 1792 2368 Getico
1837 2301 2128 2366 barbara
2171 2299 2354 2365 facta
2399 2318 2572 2365 sono.

766 2409 949 2475 Unus
994 2409 1063 2474 in
1108 2409 1231 2474 hoc
1274 2426 1461 2474 nemo
1508 2414 1612 2474 est
1655 2408 1911 2491 populo,
1957 2406 2070 2489 qui
2114 2405 2287 2474 forte
2331 2406 2574 2472 Latine

852 2515 1203 2598 Quaelibet
1248 2533 1283 2580 e
1328 2515 1537 2582 medio
1584 2515 1856 2580 reddere
1901 2515 2108 2580 verba
2153 2517 2370 2595 queat.

675 2647 729 2686 55
764 2621 885 2687 Ele
933 2640 1052 2705 ego
1099 2621 1431 2688 Romanus
1475 2626 1667 2689 vates
1712 2659 1801 2667 —
1846 2619 2182 2703 ignoscite,
2229 2620 2481 2686 Musae!
2530 2658 2616 2666 —

855 2728 1217 2795 Sarmatico
1266 2744 1463 2809 cogor
1506 2727 1789 2809 plurima
1832 2743 2011 2793 more
2055 2727 2252 2806 loqui.

766 2834 869 2897 En
914 2835 1117 2914 pudet
1163 2839 1233 2899 et
1276 2832 1509 2915 fateor,
1554 2834 1683 2898 iam
1730 2833 2156 2898 desuetudine
2201 2832 2398 2913 longa

855 2938 985 3003 Vix
1031 2940 1315 3006 subeunt
1358 2940 1485 3021 ipsi
1531 2940 1738 3005 verba
1782 2940 2030 3004 Latina
2075 2938 2250 3003 mihi.

765 3042 901 3110 Nec
948 3045 1193 3129 dubito,
1240 3046 1397 3127 quin
1442 3046 1577 3111 sint
1624 3050 1692 3111 et
1737 3046 1806 3111 in
1854 3046 1975 3111 hoc
2019 3063 2148 3112 non
2190 3063 2402 3126 pauca
2446 3044 2668 3109 libello

675 3175 731 3215 eo
853 3152 1177 3219 Barbara:
1224 3171 1351 3218 non
1397 3152 1674 3223 bominis
1720 3151 1916 3233 culpa
1960 3153 2073 3217 sed
2117 3152 2250 3217 ista
2293 3150 2436 3218 loci.

761 3258 860 3324 Ne
905 3264 1126 3325 tamen
1172 3259 1501 3326 Ausoniae
1547 3260 1813 3341 perdam
1860 3258 2242 3325 commercia
2286 3258 2570 3341 linguae,

852 3366 944 3430 Et
986 3366 1107 3432 fiat
1152 3366 1368 3449 patrio
1414 3384 1545 3432 vox
1588 3383 1733 3430 mea
1778 3368 1964 3430 muta
2008 3383 2181 3447 son0‚

763 3471 914 3553 Ipse
959 3472 1188 3553 loquor
1232 3492 1482 3538 mecum
1529 3473 1927 3553 desuetaque
1973 3472 2180 3537 verba
2225 3476 2532 3551 retractO,

848 3578 942 3643 Et
985 3580 1189 3645 studii
1236 3584 1459 3661 repeto
1508 3579 1697 3660 signa
1742 3578 2014 3643 sinistra
2057 3578 2201 3643 mei.

671 3709 727 3748 σε
761 3684 869 3749 Sic
915 3684 1198 3750 animum
1244 3690 1628 3766 tempusque
1673 3684 1884 3767 traho,
1930 3685 2024 3749 sic
2068 3701 2298 3763 meque
2344 3685 2579 3748 reduco

848 3792 909 3856 A
957 3790 1401 3873 contemplatu
1448 3807 1944 3869 summoveoque
1989 3788 2163 3854 mali.

759 3896 1169 3963 Carminibus
1216 3915 1456 3979 quaero
1502 3896 1887 3961 miserarum
1933 3894 2180 3963 oblivia
2226 3914 2464 3961 rerum:

844 4002 1152 4069 Praemia
1194 4003 1255 4069 si
1300 4002 1516 4069 studio
1564 4019 1925 4081 consequar
1969 4000 2116 4085 ista,
2163 4008 2273 4067 sat
2317 4006 2439 4067 est.

596 4278 687 4335 36.
771 4280 901 4351 Vgl.
988 4282 1093 4337 das
1174 4281 1735 4336 Namenverneichnis
1926 4281 2022 4337 54.
2091 4297 2120 4335 0
2165 4282 2361 4351 medio]
2413 4298 2484 4335 zu
2535 4280 2814 4348 quaelibet
2847 4260 3062 4331 'vm-ba:

493 4354 653 4402 unter
690 4349 1027 4419 Caphereus.
1822 4350 1981 4404 nicht
2004 4350 2208 4404 einmal
2235 4352 2284 4403 ir
2326 4350 2436 4407 end
2456 4351 2546 4403 ein
2572 4348 2878 4418 beliebiges
2903 4346 3066 4400 Wort

596 4451 685 4507 49⁹
758 4452 921 4523 lau-⁸]
958 4454 1103 4509 'eit‘
1820 4419 3061 4559 ausa?msffitggggffissaffaffignungelenken

594 4555 689 4611 50.
759 4557 881 4626 ora]
917 4555 1166 4611 Gesicht.
1214 4606 1219 4611 .
1810 4556 2185 4630 ,Schriftzlige
