3684 5275
608 414 694 479 22
1699 427 1893 484 Enter
1936 428 2083 485 Ten.

963 590 1202 673 Currit,
1248 596 1324 656 ut
1369 592 1613 657 auditis
1657 592 1899 658 territa
1943 595 2199 659 damma
2242 592 2429 675 lupis

874 696 1189 780 Corniger
1231 698 1401 763 hanc
1443 698 1712 764 tumidis
1757 699 2053 780 rapuisse
2096 699 2429 765 Numicius
2474 700 2663 765 undis

963 802 1284 887 Creditur,
1331 811 1399 870 et
1444 805 1696 887 stagnis
1741 804 2100 871 occuluisse
2145 806 2297 871 suis.

757 933 840 975 ιη
869 908 1126 976 Sidonis
1169 911 1426 977 interea
1469 929 1703 993 magno
1751 911 2031 979 clamore
2076 930 2195 993 per
2239 929 2433 995 agros

965 1016 1344 1100 Quaeritur:
1392 1020 1712 1099 apparent
1756 1018 1948 1101 signa
1991 1024 2315 1099 notaeque
2359 1016 2612 1099 pedum.

876 1121 1161 1188 Ventum
1207 1127 1354 1188 erat
1400 1124 1484 1188 ad
1529 1124 1732 1205 ripas:
1775 1124 2040 1190 inerant
2084 1124 2373 1207 vestigia
2416 1123 2594 1206 ripis,

965 1226 1294 1295 Sustinuit
1339 1230 1580 1295 tacitas
1628 1230 1923 1296 conscius
1970 1230 2177 1295 amnis
2223 1248 2445 1313 aquas,

877 1334 1032 1415 Ipsa
1075 1334 1253 1415 loqui
1299 1336 1446 1402 visa
1490 1341 1594 1401 est
1639 1336 1898 1417 ‘placidi
1942 1354 2086 1403 sum
2128 1337 2417 1419 nympha
2460 1334 2740 1401 Numici:

761 1466 845 1505 180
963 1440 1174 1507 Amne
1219 1459 1502 1523 perenne
1545 1442 1761 1509 latens
1806 1443 2004 1508 Anna
2047 1443 2348 1509 Perenna
2391 1442 2622 1509 vocor!

878 1546 1190 1613 Protinus
1238 1548 1476 1613 erratis
1521 1548 1683 1615 laeti
1728 1554 2085 1616 vescuntur
2128 1550 2199 1615 in
2245 1549 2439 1633 agris,

969 1653 1063 1718 Et
1109 1652 1444 1720 celebrant
1489 1655 1675 1737 largo
1721 1672 1988 1736 remque
2034 1656 2331 1736 diemque
2376 1672 2570 1720 mero.

1537 1880 1650 1949 κο.
1682 1882 1728 1950 a
1776 1883 1839 1968 (Ι
1870 1880 2270 1967 469—586).

617 2034 1194 2121 Einwanderung
1255 2038 1376 2107 des
1435 2038 1769 2107 Euander
1825 2040 1975 2106 und
2042 2040 2286 2107 semer
2345 2038 2617 2105 mutter
2674 2036 3055 2105 Carmenta
3112 2035 3192 2103 in

886 2149 1198 2217 Latium.
1287 2151 1430 2218 Das
1474 2149 1893 2219 Abenteuer
1936 2150 2061 2220 des
2103 2152 2455 2219 Hercules
2500 2150 2642 2215 mit
2682 2146 2925 2220 cacus.

886 2304 1051 2371 Orta
1095 2307 1274 2388 prior
1317 2309 1474 2373 luna
1518 2344 1609 2354 —-
1653 2308 1734 2374 de
1778 2326 1851 2374 se
1896 2309 1953 2374 si
2000 2310 2289 2375 creditur
2332 2307 2459 2388 ipsi
2506 2344 2592 2353 —

977 2414 1036 2478 A
1081 2432 1315 2495 magno
1361 2413 1560 2479 tellus
1605 2415 1865 2480 Arcade
1909 2433 2142 2481 nomen
2185 2414 2405 2479 habet.

885 2518 1014 2584 Hic
1058 2517 1189 2584 fuit
1233 2520 1562 2603 Evander,
1609 2520 1721 2601 qui
1767 2539 2153 2601 quamquam
2202 2519 2416 2585 clarus
2462 2522 2756 2599 utroque,

975 2625 1272 2694 Nobilior
1315 2644 1542 2693 sacrae
1587 2628 1905 2710 sanguine
1950 2628 2181 2694 matris
2228 2630 2391 2693 erat.

829 2757 855 2799 ⁵
886 2731 1070 2815 Quae
1114 2733 1305 2798 simul
1351 2735 1676 2800 aetherios
1724 2734 1936 2800 animo
1984 2739 2370 2816 conceperat
2414 2733 2617 2815 igneS,

977 2838 1104 2904 Ore
1150 2840 1354 2905 dabat
1398 2840 1590 2922 pleno
1639 2841 1929 2906 carmina
1971 2845 2134 2907 vera
2180 2840 2300 2906 dei.

885 2943 1165 3011 Dixerat
1209 2947 1374 3012 haec
1418 2952 1575 3013 nato
1620 2953 1834 3015 motus
1880 2947 2133 3013 instare
2178 2946 2449 3028 sibique,

976 3051 1318 3133 Multaque
1359 3058 1730 3134 praeterea3
1777 3059 2072 3135 tempore
2117 3057 2315 3118 nacta
2356 3051 2566 3117 fidem.

886 3157 1054 3223 Nam
1097 3158 1354 3224 iuvenis
1399 3159 1668 3225 nimium
1713 3177 1876 3226 vera
1922 3177 2065 3225 cum
2110 3164 2321 3224 matre
2367 3157 2639 3240 fugatus

805 3290 858 3330 ιο
976 3264 1240 3330 Deserit
1283 3266 1637 3331 Arcadiam
1679 3266 2230 3344 Parrhasiumque
2275 3263 2495 3328 larem.

890 3369 1008 3435 Oui
1054 3372 1358 3452 genetrix
1402 3369 1589 3437 flenti
1635 3369 1923 3437 ‘fortuna
1967 3369 2270 3437 viriliter’
2314 3369 2533 3450 inquit
2577 3403 2668 3414 —

979 3475 1189 3560 ‘Siste‚
1232 3496 1480 3562 precor,
1527 3477 1853 3543 lacrimas!
1902 3513 1989 3524 —-
2034 3477 2167 3542 ista
2212 3475 2485 3541 ferenda
2529 3474 2654 3539 tibi
2702 3477 2819 3539 est.

890 3580 1000 3647 Sic
1046 3588 1192 3649 erat
1235 3585 1304 3650 in
1350 3583 1534 3650 fatis:
1581 3602 1702 3650 nec
1745 3588 1816 3649 te
1861 3588 1981 3648 tua
2027 3582 2219 3663 culpa
2264 3581 2544 3664 fugavit,

981 3687 1110 3754 Sed
1156 3691 1337 3756 deus:
1386 3691 1630 3757 offenso
1676 3691 1903 3772 pulsus
1950 3706 2019 3754 es
2062 3689 2227 3754 urbe
2272 3690 2450 3754 deo.-

805 3821 858 3860 ιο
890 3795 1035 3860 Non
1079 3797 1299 3861 meriti
1343 3814 1616 3878 poenam
1660 3796 1930 3879 pateriS,
1976 3795 2092 3861 sed
2135 3794 2419 3860 numinis
2464 3793 2647 3858 iram.

982 3901 1109 3966 Est
1155 3899 1404 3985 aliquid
1449 3903 1703 3985 magnis
1749 3903 1993 3967 crimen
2039 3902 2265 3967 abesse
2310 3899 2517 3966 malis.

894 4006 1165 4074 Conscia
1208 4026 1388 4075 mens
1433 4013 1509 4075 ut
1556 4009 1788 4089 cuique
1833 4026 1954 4073 sua
1998 4013 2117 4092 est,
2162 4007 2262 4072 ita
2308 4006 2593 4089 concipit
2636 4005 2816 4070 intra

983 4113 1265 4182 Pectora
1308 4134 1424 4197 pro
1471 4114 1650 4180 facto
1695 4133 2004 4196 spemque
2048 4119 2421 4193 metumque
2464 4130 2597 4179 suo.

769 4268 877 4325 No.
912 4269 969 4326 8.
1042 4271 1098 4327 1.
1169 4269 1278 4324 Die
1314 4269 1572 4325 Arkader
1645 4269 1876 4324 laubten
2103 4270 2159 4325 5.
2195 4266 2370 4340 simul]
2406 4293 2479 4314 =
2523 4264 2879 4332 simulatque.
2926 4293 2992 4301 —
3028 4260 3203 4330 iquos]

629 4333 960 4408 προσέληνοι
995 4356 1066 4392 zu
1100 4342 1233 4394 sein.
1271 4371 1340 4380 —-
1373 4341 1507 4410 ipsi]
1541 4347 1600 4394 te
1645 4340 1748 4393 uri.
1963 4339 2063 4392 dan
2100 4338 2281 4392 Fener
2316 4337 2414 4392 der
2450 4335 2868 4406 Begeisterung.

770 4407 826 4464 8.
895 4407 1146 4483 utroque]
1216 4411 1486 4482 sanguine
1506 4451 1520 4478 ,
1591 4409 1684 4463 fiir
1753 4425 1877 4463 san·
2104 4407 2160 4465 ¹7.
2230 4408 2421 4477 motus]
2458 4403 2746 4460 Unruhen.

629 4493 802 4600 ΨΘ
851 4480 1141 4550 utriusque
1199 4479 1315 4549 (des
1361 4479 1564 4534 Vaters
1616 4479 1733 4533 und
1781 4479 1879 4533 der
2102 4478 2160 4534 9.
2231 4476 2475 4558 ηἰηιίαῃι]
2509 4491 2581 4527 zu
2614 4487 2761 4526 vera.
2836 4541 2848 4553 ⁸

697 4550 884 4617 utter).
2070 4548 2161 4603 17.
2234 4563 2455 4602 con-scta
2487 4539 2655 4615 mens]
2692 4541 2993 4596 Gewissen.
