3684 5275
629 395 711 460 78
1698 403 1936 460 zweiter
1980 404 2124 459 Ten.

896 569 981 634 A!
1029 569 1329 652 quotiens
1375 572 1625 634 certam
1668 586 1773 634 me
1816 586 1960 634 sum
2003 569 2320 635 mentitus
2365 568 2610 633 habere

985 676 1247 759 Horam,
1292 674 1669 757 propositae
1714 691 1885 755 qnae
1928 673 2104 741 foret
2147 680 2309 758 apta
2355 673 2520 740 viae.

810 807 865 849 55
897 783 1029 848 'Per
1070 781 1270 848 limen
1314 781 1530 864 tetigi,
1574 785 1684 846 ter
1726 798 1868 846 sum
1915 785 2284 864 revocatus,
2331 785 2402 846 et
2444 781 2588 862 ipse

989 888 1346 971 Indulgens
1392 887 1605 953 animo
1651 903 1769 968 pes
1812 886 1976 952 mihi
2020 887 2251 952 tardus
2295 891 2460 953 erat.

903 995 1114 1076 Saepe
1159 994 1332 1061 ‘vale
1342 995 1374 1060 Ρ
1422 993 1597 1059 dicto
1642 1011 1870 1059 rursus
1913 1011 2054 1059 sum
2100 992 2310 1058 multa
2350 993 2626 1076 locutus²

992 1101 1086 1166 Et
1131 1100 1319 1181 quasi
1364 1099 1701 1166 discedens
1746 1100 1970 1165 oscula
2021 1116 2272 1165 summa
2315 1099 2482 1166 dedi.

905 1209 1115 1288 Saepe
1160 1206 1389 1273 eadem
1433 1207 1750 1272 mandata
1794 1205 1946 1271 dedi
1991 1223 2224 1286 meque
2267 1205 2408 1288 ipse
2453 1201 2679 1288 fefelli,

818 1339 873 1380 σο
994 1311 1377 1394 Respiciens
1420 1311 1627 1378 oculis
1671 1312 1952 1395 pignora
1997 1329 2156 1378 cara
2197 1312 2376 1378 meis,

908 1419 1207 1501 Denique
1252 1417 1443 1501 ‘Quid
1485 1417 1804 1500 propero?
1882 1418 2156 1502 Scythia
2201 1423 2330 1503 est,
2374 1436 2501 1499 qno
2545 1419 2902 1502 mittimur',
2947 1417 3228 1501 inquam

1001 1527 1228 1592 ‘Roma
1273 1525 1702 1606 relinquenda
1747 1528 1866 1590 est.
1943 1527 2226 1605 utraque
2270 1524 2448 1590 iusta
2491 1543 2674 1591 mora
2719 1530 2837 1592 est.

911 1632 1094 1698 Uxor
1137 1632 1208 1697 111
1254 1637 1591 1698 aeternum
1638 1631 1795 1697 vivo
1840 1629 2002 1695 mihi
2045 1629 2206 1698 viva
2249 1635 2549 1714 negatur,

1003 1737 1093 1803 Et
1142 1739 1366 1804 domus
1412 1743 1482 1804 et
1522 1736 1693 1802 fidae
1737 1736 1958 1802 dulcia
2002 1737 2296 1802 membra
2341 1737 2582 1820 domus,

828 1871 883 1912 σε
916 1844 1219 1927 Quosque
1266 1861 1385 1928 ego
1433 1843 1634 1910 dilexi
1679 1843 1975 1909 fraterno
2020 1860 2200 1907 more
2244 1842 2516 1926 sodales,

1005 1949 1060 2016 Ο
1106 1951 1266 2018 1111111
1310 1950 1565 2016 Thesea
1608 1954 1879 2031 pectora
1923 1949 2151 2014 iuncta
2195 1948 2348 2015 fide!

917 2056 1087 2122 Dum
1132 2057 1306 2140 licet,
1353 2056 1731 2137 amplectar.
1805 2071 2156 2136 numquam
2200 2054 2484 2122 fortasse
2527 2055 2754 2122 licebit

1006 2163 1323 2244 Amplius,
1397 2163 1467 2229 in
1513 2161 1694 2228 111010
1740 2166 1843 2228 est
1890 2179 2058 2243 qnae
2104 2162 2301 2226 datur
2345 2162 2509 2228 hora
2551 2161 2746 2227 mihi.’

920 2269 1057 2335 Nec
1099 2286 1299 2351 mora,
1342 2267 1658 2334 sermonis
1703 2269 1911 2335 verba
1955 2267 2324 2349 inperfecta
2367 2267 2679 2350 relinquo,

836 2400 889 2440 το
1009 2374 1457 2456 complectens
1502 2374 1716 2440 animo
1760 2372 2060 2455 proxima
2105 2391 2403 2456 quaeque
2444 2391 2606 2440 meo.

922 2482 1094 2546 Dum
1138 2479 1369 2562 loquor
1414 2485 1485 2546 et
1528 2479 1771 2564 flemus»,
1819 2479 2001 2546 caelo
2044 2479 2474 2546 nitidissimus
2519 2481 2674 2564 alt0‚

1012 2586 1223 2654 Stella
1266 2587 1493 2670 gravis
1536 2587 1740 2671 1101110,
1786 2585 2055 2654 Lucifer
2099 2591 2283 2654 ortus
2329 2593 2492 2655 erat.

926 2692 1206 2761 Dividor
1247 2694 1427 2760 haud
1470 2694 1684 2778 aliter,
1732 2712 1926 2775 quam
1971 2694 2030 2760 si
2073 2712 2220 2760 mea
2264 2695 2556 2761 membra
2598 2694 2979 2781 relinquam,

1016 2801 1109 2866 Et
1151 2819 1305 2881 pars
1350 2800 1651 2883 abrumpi
1697 2818 1967 2883 corpore
2013 2801 2160 2867 visa
2203 2818 2320 2867 sno
2367 2804 2486 2867 est.

844 2932 896 2973 τι
928 2907 1036 2973 Sic
1080 2907 1290 2973 doluit
1332 2907 1587 2973 Mettus
1630 2912 1807 2990 tunc,
1853 2924 1999 2972 cum
2044 2906 2114 2972 in
2161 2906 2496 2973 contraria
2541 2925 2764 2975 versos

1019 3013 1285 3079 Ultores
1330 3013 1567 3079 habuit
1610 3012 1998 3094 proditionis
2043 3030 2258 3095 equos.

931 3120 1097 3186 Tum
1144 3137 1301 3186 vero
1350 3119 1643 3185 exoritur
1689 3118 1934 3187 clamor
1977 3120 2388 3202 gemitusque
2432 3138 2736 3204 meorum,

1020 3226 1116 3291 Et
1159 3224 1412 3290 feriunt
1455 3230 1746 3291 maestae
1791 3230 2062 3308 pectora
2103 3228 2282 3292 nuda
2325 3244 2570 3292 manus.

934 3332 1100 3395 Tum
1145 3348 1301 3397 vero
1350 3331 1646 3415 00111111111,
1692 3332 1932 3398 umeris
1977 3333 2282 3399 abeuntis
2327 3333 2692 3416 inhaerenS,

848 3463 904 3503 so
1022 3436 1289 3503 Miscuit
1332 3439 1499 3503 haec
1542 3437 1829 3503 lacrimis
1876 3439 2101 3505 tristia
2146 3440 2355 3506 verba
2397 3438 2584 3505 meis:

937 3543 1100 3608 ‘Non
1142 3547 1329 3624 potes
1376 3544 1592 3610 avelli.
1668 3543 1862 3610 simul
1906 3545 2076 3628 hinc,
2123 3545 2311 3611 simul
2356 3544 2609 3611 ibimus’
2653 3545 2893 3627 inquit:

1028 3648 1142 3714 ‘Te
1187 3667 1426 3730 sequar
1470 3655 1541 3716 et
1586 3650 1868 3717 coniunx
1915 3651 2125 3717 exulis
2169 3652 2321 3718 exul
2369 3670 2498 3718 ero.

897 3742 921 3775 ²
940 3755 1033 3820 Et
1076 3754 1235 3820 mihi
1282 3754 1465 3821 iacta
1510 3755 1625 3823 via
1668 3762 1788 3841 est,
1834 3761 1904 3823 et
1948 3776 2053 3823 me
2099 3758 2279 3839 capit
2322 3757 2556 3823 ultima
2600 3758 2820 3825 tellus:

1028 3862 1353 3927 Accedam
1399 3862 1719 3945 profugae
1764 3864 2028 3930 sarcina
2072 3882 2285 3944 parva
2329 3864 2480 3929 rati.

856 3989 910 4030 aa
940 3967 1036 4032 Te
1080 3966 1267 4033 iubet
1312 3987 1355 4035 a
1396 3969 1620 4050 patria
1665 3970 1998 4035 discedere
2044 3970 2342 4035 Caesaris
2386 3970 2505 4054 ira,

1031 4073 1141 4139 Me
1185 4074 1417 4155 pietas.
1494 4076 1709 4157 pietas
1754 4077 1920 4143 haec
1965 4075 2125 4141 mihi
2171 4076 2415 4143 Caesar
2459 4078 2623 4144 erit!

782 4246 873 4301 56.
945 4244 1240 4314 indulyms
1266 4248 1469 4316 animo]
1505 4248 1611 4300 mir
1634 4264 1704 4300 zu
1726 4246 1922 4301 Liebe.
2120 4247 2209 4303 78.
2281 4247 2494 4313 feriunt
2523 4254 2750 4317 pectora
2799 4248 2897 4318 (im
2931 4248 3271 4307 Deutsehen

782 4315 875 4370 58.
944 4329 1151 4369 summa
1185 4338 1257 4361 =
1295 4322 1555 4370 extrema.
2015 4318 2116 4371 der
2141 4316 2425 4401 Singular)
2461 4336 2585 4371 zum
2622 4316 2862 4373 Zeichen
2901 4318 3000 4372 der
3022 4318 3271 4378 Treuer.

784 4384 877 4439 62.
948 4384 1122 4455 mora]
1157 4382 1356 4439 Grund
1392 4403 1517 4438 zum
1553 4386 1786 4457 ngern.
2015 4418 2083 4427 --
2117 4392 2358 4441 maestae
2392 4404 2468 4440 1111
2495 4386 2819 4442 Deutschen
2848 4389 3158 4445 adverbiell
3197 4412 3274 4448 zu

784 4452 879 4509 68.
947 4456 1011 4508 in
1047 4460 1335 4509 aeternum
1378 4456 1649 4510 vei-binde
1686 4457 1789 4509 mit
1836 4472 1926 4511 ne·
2016 4455 2245 4522 feriunt.

680 4528 861 4593 qatur.
2121 4525 2213 4582 86.
2277 4528 2484 4595 pictas]
2520 4525 2714 4581 Liebe.
