3684 5275
1685 418 1876 473 Enter
1919 418 2063 474 Teil.

857 580 1049 647 Milia
1094 581 1479 647 crabronum
1523 586 1776 664 coeunt,
1823 586 1893 648 et
1936 584 2188 650 vertice
2232 584 2405 649 nudo

949 686 1215 768 Spicula
1259 687 1567 770 defigunt,
1611 705 1855 769 oraque
1898 688 2065 754 sima
2108 693 2361 755 notant.

859 792 984 858 Ille
1028 793 1208 858 cadit
1252 810 1566 875 praeceps
1612 798 1681 858 et
1725 792 1905 860 calce
1948 792 2190 860 feritur
2234 794 2437 879 aselli,

949 897 1400 979 Inclamatque
1443 916 1594 966 suos
1638 898 2081 981 auxiliumque
2124 905 2335 984 rogat.

771 1030 828 1070 ω
859 1004 1268 1071 Concurrunt
1311 1004 1540 1087 satyri,
1583 1006 2051 1088 turgentiaque
2095 1024 2212 1072 ora
2254 1006 2550 1088 parentis

952 1110 1220 1177 Rident:
1266 1128 1569 1193 percusso
1613 1111 1947 1178 claudicat
1988 1112 2103 1179 ille
2147 1130 2339 1195 genu.

863 1216 1062 1283 Ridet
1108 1220 1178 1283 et
1221 1216 1362 1299 ipse
1405 1216 1579 1300 deus,
1622 1218 1976 1299 limumque
2020 1217 2329 1284 iuducere
2371 1222 2725 1300 monstrat;

952 1322 1082 1387 Hic
1125 1327 1318 1404 paret
1361 1324 1624 1388 monitis
1669 1328 1738 1389 et
1779 1323 1936 1390 linit
1980 1342 2097 1389 ora
2138 1322 2298 1389 luto.

865 1428 1063 1495 Melle
1105 1434 1299 1511 pater
1341 1428 1601 1495 fruitur.
1665 1429 1931 1511 liboque
1976 1428 2194 1496 infusa
2237 1430 2481 1496 calenti

777 1557 833 1598 ω
950 1535 1105 1602 Iure
1150 1535 1470 1617 repertori
1516 1536 1794 1602 candida
1836 1536 2036 1603 mella
2078 1536 2322 1602 damus.

865 1640 1140 1707 Femina
1184 1660 1302 1708 cur
1345 1646 1614 1723 presset,
1659 1660 1789 1708 non
1833 1646 1937 1707 est
1980 1641 2257 1708 rationis
2302 1646 2600 1724 opertae:

953 1746 1296 1813 Femineos
1340 1748 1570 1829 thyrso
1617 1748 1910 1813 concitat
1950 1748 2067 1815 ille
2110 1748 2355 1815 choros

870 1853 1001 1919 Gur
1045 1871 1209 1919 anus
1251 1853 1374 1919 hoc
1417 1851 1644 1937 faciat,
1691 1853 1953 1936 quaeris
1966 1853 1999 1920 Ρ
2068 1854 2358 1923 vinosior
2402 1858 2590 1921 aetas

957 1958 1141 2025 Haec
1186 1963 1352 2043 erat,
1397 1965 1467 2026 et
1509 1959 1828 2043 gravidae
1874 1978 2144 2026 munera
2188 1960 2349 2027 vitis
2392 1978 2637 2027 amans.
2777 2040 2787 2051 ι

781 2086 835 2128 ω
867 2066 998 2132 Cur
1039 2065 1284 2131 hedera
1328 2065 1546 2131 cincta
1591 2065 1739 2132 est?
1806 2066 2053 2133 hedera
2098 2070 2204 2132 est
2246 2067 2622 2150 gratissima
2668 2067 2943 2133 Baccho.

959 2172 1102 2237 Hoc
1147 2190 1400 2254 quoque
1444 2190 1561 2238 cur
1603 2173 1706 2237 ita
1749 2172 1858 2254 sit,
1904 2172 2122 2238 dicere
2166 2172 2348 2239 nulla
2390 2191 2573 2240 mora
2618 2178 2737 2239 est.

869 2278 1194 2361 Nysiadas
1237 2278 1556 2359 nymphas
1600 2295 1871 2357 puerum
1916 2282 2274 2359 quaerente
2316 2296 2600 2346 noverca

959 2383 1152 2449 Hanc
1195 2382 1488 2449 frondem
1540 2383 1723 2449 cunis
1769 2384 2145 2464 opposuisse
2188 2382 2427 2450 ferunt.

871 2490 1128 2573 Restat,
1171 2492 1248 2555 ut
1292 2489 1638 2572 inveniam,
1685 2507 1891 2571 quare
1934 2493 2094 2571 toga
2138 2489 2347 2557 libera
2392 2492 2587 2557 detur

783 2622 839 2664 oo
957 2594 1262 2664 Lucifero
1307 2595 1544 2680 pueris,
1591 2596 1865 2662 candide
1908 2595 2185 2681 Bacche,
2230 2602 2362 2664 tuo.

870 2702 1028 2770 Sive
1073 2704 1245 2784 quod
1285 2703 1427 2784 ipse
1470 2721 1632 2785 puer
1675 2721 1929 2785 semper
1970 2703 2355 2785 iuvenisque
2398 2703 2661 2788 videris,

961 2809 1056 2875 Et
1098 2809 1313 2874 media
1357 2813 1461 2878 est
1506 2814 1696 2875 aetas
1739 2809 1914 2874 inter
1958 2814 2305 2890 utrumque
2348 2809 2506 2891 tibi;

875 2915 1005 2982 Seu
1050 2915 1207 2997 quia
1251 2919 1328 2982 tu
1373 2920 1566 2996 pater
1611 2933 1697 2998 eS,
1741 2920 1969 2996 patres
2014 2933 2137 2981 sua
2179 2916 2471 3000 pignora,
2515 2920 2707 2981 natos

963 3022 1425 3088 Commendant
1469 3038 1666 3086 curae
1708 3021 2205 3102 numinibusque
2248 3022 2415 3089 tuis:

785 3153 842 3195 ετ»
873 3127 1046 3210 Sive,
1092 3128 1266 3209 quod
1312 3145 1381 3192 es
1427 3124 1645 3208 Liber,
1691 3127 1898 3192 vestis
1946 3145 2199 3208 quoque
2242 3128 2454 3194 libera
2498 3145 2615 3208 per
2660 3129 2730 3192 te

965 3234 1258 3301 Sumitur
1303 3237 1372 3298 et
1415 3232 1601 3300 vitae
1643 3231 1970 3298 liberioris
2015 3234 2178 3301 iter:

875 3341 983 3406 An
1028 3341 1202 3423 quia,
1247 3357 1390 3405 cum
1437 3339 1726 3404 colerent
1769 3337 1971 3419 prisci
2013 3339 2367 3404 studiosius
2412 3356 2621 3421 agros

965 3447 1061 3512 Et
1102 3445 1354 3512 faceret
1400 3445 1618 3526 patrio
1663 3463 1818 3510 rure
1861 3448 2126 3510 senator
2170 3462 2347 3528 opuS,

875 3553 970 3619 Et
1016 3557 1284 3634 caperet
1326 3550 1538 3618 fasces
1583 3570 1626 3615 a
1671 3568 1872 3616 curvo
1919 3551 2141 3617 consul
2186 3555 2431 3632 aratro,

790 3686 845 3726 το
962 3660 1100 3726 Nec
1144 3658 1388 3724 crimen
1432 3659 1628 3723 duras
1673 3660 1848 3722 esset
1899 3657 2145 3724 habere
2187 3675 2435 3740 manuS,

875 3765 1185 3831 Rusticus
1231 3765 1317 3829 ad
1360 3763 1546 3829 ludos
1591 3762 1864 3845 populus
1910 3763 2223 3830 veniebat
2266 3764 2337 3828 in
2382 3762 2627 3829 Urbem
2667 3797 2756 3807 —

965 3870 1093 3936 Sed
1138 3871 1256 3953 dis,
1301 3875 1447 3936 non‘
1478 3869 1713 3934 studiis
1754 3869 1875 3935 ille
1921 3871 2205 3936 dabatur
2249 3870 2486 3935 honor:

875 3976 1052 4042 Luce
1096 3995 1217 4042 sua
1261 3976 1451 4042 ludos
1495 3993 1666 4042 uvae
1710 3981 2107 4042 commentor
2149 3974 2458 4058 habebat,

965 4081 1140 4165 Quos
1186 4100 1330 4147 cum
1375 4081 1703 4148 taedifera
1748 4100 1921 4148 nunc
1964 4083 2170 4148 habet
2214 4081 2331 4147 ille
2375 4081 2501 4146 dea
2542 4117 2629 4128 —-·

623 4321 632 4328 '
712 4318 804 4373 42.
875 4322 1068 4371 notant
1123 4316 1369 4370 stechen.
2047 4317 2139 4371 72.
2208 4315 2432 4385 studiis]
2467 4313 2923 4382 Zerstreuungen.
2979 4363 2987 4370 ,

715 4387 810 4444 45.
878 4387 998 4456 ora]
1158 4385 1292 4439 ‘cht.
2046 4386 2137 4442 74.
2208 4385 2374 4440 Sinnz
2432 4384 2523 4437 die
2569 4397 2698 4436 vom
2743 4379 3074 4436 12.-19..A
3115 4378 3187 4431 ril

713 4457 808 4512 5⁷.
877 4456 1131 4525 noverca]
1166 4455 1336 4508 Hera.
1982 4452 2252 4509 efeierten
2304 4452 2563 4508 Cerealia
2615 4451 2803 4524 gelten
2857 4449 3007 4504 auch
3098 4463 3187 4502 em

714 4526 807 4582 69.
877 4544 915 4580 a
947 4557 1016 4566 —
1051 4521 1266 4595 aratro]
1317 4540 1440 4578 vom
1479 4519 1679 4593 Pfluge
1714 4537 1856 4594 weg.
1940 4473 2133 4578 faber.
