3684 5275
1412 438 1516 495 No.
1541 438 1610 494 24
1645 438 1758 509 <111
1781 439 2099 509 259-392).
2950 444 3034 510 55

647 640 702 681 ιε
731 614 955 695 Atque
999 613 1253 697 aliquis,
1296 615 1486 681 modo
1529 618 1704 699 trux,
1749 614 1899 683 visa
1940 614 2075 682 iam
2118 615 2408 683 vertitur
2452 634 2589 700 ara,

823 720 1124 803 Vinaque
1169 722 1288 787 dat
1332 720 1572 803 tepidis
1615 722 1923 803 salsaque
1965 721 2153 789 farra
2193 722 2377 789 iocis,

733 827 905 894 Ecce
950 828 1140 893 deum
1182 826 1443 911 genitor
1485 828 1724 895 rutilas
1767 846 1888 909 per
1931 828 2160 895 nubila
2202 826 2493 895 flammas

822 932 1110 1017 Spargit,
1155 937 1227 999 et
1271 932 1494 1001 effusis
1537 935 1812 1001 aethera
1855 934 2064 1001 siccat
2107 934 2315 1015 aquis.

731 1040 876 1106 Non
921 1039 1090 1106 alias
1133 1039 1318 1105 missi
1361 1040 1656 1107 cecidere
1699 1039 2111 1121 frequentius
2154 1040 2359 1123 ignes.

643 1172 699 1213 so
815 1145 963 1212 Rex
1005 1151 1212 1227 pavet
1255 1149 1327 1211 et
1369 1146 1550 1230 volgi
1594 1151 1867 1229 pectora
1910 1152 2126 1213 terror
2170 1145 2389 1213 habet.

731 1252 850 1319 Cui
895 1252 1022 1319 dea
1067 1253 1168 1319 ‘ne
1210 1251 1480 1319 nimium
1525 1254 1803 1320 terrere!
1878 1253 2127 1334 piabile
2170 1251 2417 1319 fulmen

815 1358 978 1443 Est‚’
1025 1359 1126 1425 ait
1169 1360 1259 1425 ‘et
1302 1358 1488 1427 saevi
1533 1358 1824 1426 flectitur
1866 1358 1973 1424 ira
2016 1358 2215 1425 Iovis.

727 1464 857 1531 Sed
902 1469 1215 1546 poterunt
1260 1465 1461 1531 ritum
1508 1465 1704 1531 Picus
1747 1464 2149 1545 Faunusque
2191 1464 2419 1547 piandi

818 1571 1128 1655 Tradere,
1170 1570 1450 1638 Romani
1493 1590 1731 1638 numen
1773 1575 2125 1651 utrumque
2169 1570 2309 1637 soli.

644 1704 696 1745 aa
727 1676 866 1743 Nec
910 1676 1053 1744 sine
1095 1676 1167 1745 vi
1212 1679 1504 1745 tradent:
1552 1676 1861 1745 adhibeto
1906 1676 2172 1743 vincula
2218 1676 2456 1759 captis3

818 1783 1044 1865 Atque
1085 1784 1206 1866 ita,
1250 1802 1382 1866 qua
1425 1783 1694 1867 possint,
1740 1782 1977 1865 erudit,
2023 1788 2171 1849 arte
2216 1782 2382 1865 capi.

732 1890 950 1956 Lucus
993 1889 1327 1957 Aventino
1373 1890 1648 1957 suberat
1689 1889 1881 1972 niger
1922 1888 2094 1955 ilicis
2140 1890 2390 1971 umbra,

821 1994 962 2080 Quo
1006 2013 1229 2078 posses
1273 1996 1414 2064 viso
1461 1996 1678 2063 dicere
1724 1996 1981 2062 ‘numen
2023 1994 2221 2061 inestl
2235 1995 2250 2025 ’

734 2101 815 2168 In
859 2102 1071 2171 medio
1117 2120 1408 2186 gramen,
1451 2120 1798 2184 muscoque
1843 2102 2163 2183 adoperta
2206 2100 2454 2168 virenti

641 2235 700 2275 ιο
818 2208 1143 2275 Manabat
1185 2226 1345 2275 saxo
1391 2227 1564 2277 vena
1606 2208 1913 2291 perennis
1959 2225 2187 2289 aquae.

733 2314 896 2382 Inde
939 2314 1082 2382 fere
1126 2315 1250 2381 soli
1290 2313 1563 2381 Faunus
1605 2315 1936 2394 Picusque
1979 2313 2315 2381 bibebant.

821 2421 971 2487 Huc
1015 2421 1220 2505 venit,
1265 2426 1336 2487 et
1378 2419 1579 2487 Fonti
1623 2439 1742 2487 rex
1785 2420 2001 2486 Numa
2044 2424 2296 2487 mactat
2340 2436 2553 2487 ovem:

735 2527 1069 2610 Plenaque
1114 2528 1373 2594 odorati
1417 2526 1703 2608 disponit
1755 2527 1991 2609 pocula
2035 2526 2297 2609 Bacchi,

827 2634 1114 2717 Cumque
1158 2634 1292 2701 suis
1336 2638 1528 2701 antro
1574 2634 1875 2700 conditus
1918 2634 2061 2716 ipse
2103 2632 2292 2700 latet.

651 2764 710 2804 ω
739 2740 847 2805 Ad
890 2740 1116 2807 solitos
1161 2741 1439 2807 veniunt
1478 2740 1818 2809 silvestria
1861 2740 2131 2812 numina
2174 2738 2412 2822 fontes,

830 2846 926 2912 Et
967 2846 1274 2915 relevant
1315 2846 1522 2912 multo
1568 2851 1838 2929 pectora
1884 2845 2061 2912 sicca
2104 2862 2297 2911 mero.

741 2950 917 3017 Vina
961 2951 1148 3033 quies
1191 2951 1506 3034 sequitur.
1595 2951 1813 3035 gelido
1860 2951 2074 3017 Numa
2118 2951 2339 3032 prodit
2382 2951 2469 3018 ab
2515 2955 2724 3037 antro,

830 3057 1195 3140 Vinclaque
1239 3057 1486 3140 sopitas
1531 3057 1720 3124 addit
1761 3057 1831 3123 in
1878 3061 2033 3124 arta
2076 3076 2323 3124 manus.

739 3163 1012 3231 Somnus
1055 3169 1133 3230 ut
1177 3164 1514 3246 abscessit,
1559 3165 1907 3247 pugnando
1950 3162 2217 3231 vincula
2261 3168 2592 3247 temptant

652 3293 707 3336 ω
825 3271 1178 3352 Rumpere:
1224 3274 1595 3353 pugnantes
1639 3269 1877 3336 fortius
1920 3269 2042 3337 illa
2084 3274 2332 3338 tenent.

741 3378 926 3444 Tunc
970 3377 1208 3444 Numa:
1254 3377 1341 3443 ‘di
1384 3394 1732 3462 nemorum,
1777 3375 1977 3444 factis
2020 3375 2340 3460 ignoscite
2382 3377 2646 3461 nostris,

829 3483 902 3551 Si
944 3485 1154 3551 scelus
1197 3482 1461 3567 ingenio
1506 3483 1692 3550 scitis
1736 3484 1969 3550 abesse
2012 3501 2179 3566 meo;

746 3589 1016 3673 Quoque
1058 3589 1244 3657 modo
1289 3590 1500 3671 possit
1542 3589 1806 3674 fulmen,
1852 3594 2235 3674 monstrate,
2280 3590 2487 3672 piari?

831 3695 942 3763 Sic
985 3695 1214 3762 Numa.
1303 3695 1401 3761 sic
1446 3696 1750 3776 quatiens
1795 3713 2039 3762 cornua
2084 3695 2355 3764 Faunus
2399 3697 2523 3764 ait:

657 3827 712 3869 ω
743 3802 1008 3884 ‘Magna
1050 3801 1240 3885 petis,
1285 3819 1404 3867 nec
1450 3820 1619 3882 quae
1663 3802 1915 3869 monitu
1958 3801 2086 3868 tibi
2131 3803 2379 3869 discere
2423 3807 2648 3870 nostro

585 4079 675 4136 25.
744 4077 996 4150 vertitur]
1032 4077 1232 4133 andern:
1273 4079 1390 4132 sein
1428 4076 1652 4133 wesen.
1914 4079 2007 4136 43.
2079 4081 2299 4150 dospom
2294 4083 2342 4150 t]
2412 4080 2567 4135 stent
2628 4097 2699 4135 an
2758 4080 3049 4134 mehr-eren

587 4167 679 4222 27.
748 4164 859 4220 Die
911 4165 1060 4219 Blitz
1031 4181 1094 4219 ze
1149 4163 1274 4216 sind
1334 4165 1424 4220 ein
1479 4164 1722 4220 Zeichen
1810 4147 2022 4203 Stellen
2056 4150 2172 4205 auf.

482 4250 588 4289 von
610 4235 922 4360 ‘Jupgiten
958 4235 1066 4290 Zor
1067 4251 1133 4302 ιι,
1184 4232 1284 4286 der
1316 4235 1507 4290 bisher
1542 4235 1722 4289 durch
1915 4219 2006 4275 46·
2069 4221 2321 4289 Ρθθῦθῒα]
2380 4219 2583 4274 Kehle·
2654 4251 2723 4260 ·-
2780 4219 3051 4288 Ysskvaml

484 4302 701 4376 blutige
787 4303 914 4376 pfer
957 4304 1226 4360 venohnt
1259 4305 1478 4360 werden
1514 4304 1721 4359 muflte.
1808 4289 2055 4342 multen-

2188 4359 2307 4428 ‘]ta⁸
2363 4358 2443 4412 im
2495 4357 2814 4414 Deutachen
2874 4355 3053 4428 genit.

587 4409 678 4465 31·
749 4405 872 4482 d⁶¹²]
908 4407 1132 4480 Egenss·
1811 4425 1955 4496 plur.
1950 4429 2095 4551 ειεἴσει·
2170 4359 2652 4484 chlaftrunkenen.

588 4495 677 4552 87.
747 4497 1030 4550 Aventino
1051 4495 1296 4564 suberat]
1331 4493 1429 4567 lag
1451 4510 1542 4549 am
1565 4494 1726 4549 Fusse
2079 4513 2257 4566 quoqu
2114 4499 2309 4568 noque]
2343 4523 2416 4544 =
2451 4505 2503 4552 et
2539 4515 2661 4566 quo.
2778 4537 2786 4546 .

483 4560 579 4616 den
613 4563 877 4619 Aventin.
1916 4567 2009 4623 55.
2080 4569 2307 4638 monitu]
2344 4567 2685 4638 Belehrung.
