3684 5275
1330 396 1435 453 No.
1460 398 1528 451 27
1565 397 1673 469 (Ν
1697 399 1889 471 1-1s‚
1922 400 2203 469 91—132).
2956 394 3041 467 63

657 598 713 640 ω
743 573 936 641 Hunc
979 592 1097 641 vos
1141 592 1260 655 per
1300 573 1624 657 lacrimas,
1667 593 1786 655 per
1829 578 2060 641 vestra
2104 574 2417 641 alimenta
2460 580 2709 660 rogate,

837 680 933 747 Ut
976 680 1297 746 celebrem
1341 684 1564 747 nostro
1609 681 1828 763 signet
1873 681 2117 747 honore
2162 681 2365 747 diem.’
3052 700 3100 752 9.
3128 699 3270 753 Mai.

747 786 1170 852 Mandantem
1217 786 1526 868 amplecti
1571 786 1845 867 cupiunt
1888 791 1958 852 et
2002 786 2315 853 bracchia
2358 787 2671 853 tenduntt

836 892 1125 959 Lubrica
1167 896 1554 973 prensantes
1599 892 1836 975 effugit
1878 893 2111 957 umbra
2154 910 2403 959 manus.

747 998 842 1065 Ut
886 1016 1101 1064 secum
1147 997 1406 1080 fugiens
1449 1016 1704 1065 somnos
1750 998 2031 1065 abduxit
2074 999 2309 1082 imago,

659 1130 716 1171 eo
835 1105 941 1170 Ad
985 1122 1206 1188 regem
1251 1122 1446 1171 voces
1487 1104 1722 1171 fratris
1767 1108 2047 1186 uterque
2090 1103 2331 1171 ferunt.

748 1209 1058 1276 Romulus
1102 1210 1503 1294 obsequitur,
1550 1210 1886 1291 lucemque
1930 1210 2242 1276 Remuria
2287 1209 2449 1277 dicit

837 1316 1048 1400 Elam,
1094 1335 1226 1398 qua
1269 1315 1502 1398 positis
1545 1315 1722 1383 iusta
1765 1315 2072 1383 feruntur
2118 1316 2281 1383 avis,

750 1423 1005 1503 Aspera
1046 1426 1308 1489 mutata
1351 1427 1458 1489 est
1500 1423 1570 1488 in
1613 1423 1824 1489 lenem
1870 1427 2161 1504 tempore
2204 1422 2399 1506 longo

837 1528 1118 1611 Littera,
1165 1546 1336 1609 quae
1378 1533 1520 1596 toto
1565 1529 1822 1595 nomine
1868 1529 2080 1611 prima
2123 1528 2283 1611 fuit3

659 1658 715 1699 σε.
745 1635 901 1700 Mox
945 1635 1144 1701 etiam
1188 1635 1468 1701 lemures
1515 1634 1764 1700 animas
1812 1635 2037 1701 dixere
2080 1634 2404 1701 silentum.

837 1741 966 1807 Hic
1008 1758 1236 1807 sensus
1281 1741 1487 1824 verbi,
1532 1740 1636 1809 vis
1682 1759 1762 1807 ea
1807 1742 1990 1808 vocis
2035 1744 2199 1807 erat.

750 1846 940 1913 Fana
983 1852 1205 1913 tamen
1251 1852 1511 1916 veteres
1553 1846 1688 1913 illis
1732 1846 2027 1913 clausere
2072 1846 2316 1929 diebus,

837 1954 933 2021 Ut
975 1971 1150 2020 nunc
1193 1953 1389 2021 ferali
1433 1957 1725 2035 tempore
1769 1957 2001 2034 operta
2044 1953 2246 2019 vides.

750 2060 888 2125 Nec
930 2059 1172 2127 viduae
1213 2060 1428 2127 taedis
1473 2061 1698 2126 eadem
1743 2076 1865 2124 nec
1909 2057 2187 2140 virginis
2232 2062 2393 2141 apta

661 2189 716 2229 το
835 2166 1175 2248 Tempora.
1268 2184 1438 2247 quae
1481 2165 1724 2248 nupsit,
1769 2183 1899 2231 non
1945 2164 2257 2231 diuturna
2300 2164 2449 2231 fuit.

748 2271 894 2338 Hac
937 2290 1191 2354 quoque
1238 2273 1319 2338 de
1363 2289 1580 2354 causa,
1626 2271 1684 2337 si
1727 2274 1797 2337 te
1842 2270 2195 2352 proverbia
2238 2276 2543 2355 tangunt,

833 2380 1060 2445 Mense
1099 2379 1311 2445 malas
1355 2378 1532 2445 Maio
1576 2377 1822 2444 nubere
1868 2376 2103 2460 volgus
2149 2377 2265 2444 ait.

747 2482 876 2550 Sed
918 2489 1141 2551 tamen
1185 2485 1350 2551 haec
1393 2485 1528 2550 tria
1571 2488 1727 2550 sunt
1771 2484 1895 2550 sub
1941 2484 2165 2550 eodem
2209 2488 2500 2566 tempore
2544 2482 2720 2550 festa
3052 2504 3469 2559 9.11.13.Mm·.

833 2590 1021 2658 Inter
1063 2609 1136 2660 se
1179 2590 1363 2659 nulla
1409 2588 1792 2658 continuata
1836 2588 1959 2657 die.

1226 2846 1338 2914 No.
1371 2845 1459 2915 27
1507 2843 1633 2930 (IV
1666 2845 1903 2928 1-18‚
1950 2841 2307 2930 91—132).

639 2995 885 3066 Auruf
922 3000 1051 3067 der
1103 3000 1336 3069 Venus
1378 3001 1526 3068 und
1571 2999 2199 3084 Triumphgesang
2240 3001 2449 3068 ihrer
2490 3000 2883 3070 Allmaeht.

749 3156 976 3240 ‘Alma,
1022 3156 1213 3240 fave,’
1261 3157 1397 3223 dixi
1443 3158 1863 3240 ‘geminorum
1908 3162 2121 3224 mater
2164 3159 2475 3224 Amorum
2486 3158 2518 3224 l'

832 3264 940 3331 Ad
984 3270 1208 3332 vatem
1253 3265 1474 3331 voltus
1519 3263 1784 3330 rettulit
1827 3264 1948 3329 illa
1992 3282 2159 3348 suoS,

747 3370 933 3453 ‘Quid
979 3371 1120 3437 tibi'
1167 3371 1269 3436 ait
1313 3369 1620 3437 ‘memmi’
1696 3375 1878 3436 certe
1921 3371 2172 3436 maiora
2218 3371 2518 3437 canebas.

833 3477 1001 3542 Num
1046 3481 1240 3544 vetus
1285 3476 1354 3542 in
1397 3475 1578 3542 molli
1623 3481 1890 3558 pectore
1932 3477 2167 3543 volnus
2210 3475 2474 3542 habes?

687 3609 714 3646 ο
745 3581 904 3648 ‘Scis
949 3584 1107 3666 dea,’
1153 3582 1461 3664 respondi
1505 3581 1606 3648 ‘de
1650 3582 1953 3649 volnere?
2044 3583 2211 3666 risit,
2259 3587 2328 3648 et
2372 3583 2604 3648 aether

832 3689 1141 3755 Protinus
1188 3707 1268 3754 ex
1313 3687 1432 3753 illa
1475 3691 1668 3769 parte
1720 3707 1989 3755 serenus
2034 3692 2198 3754 erat.

745 3794 1054 3878 ‘Saucius,
1100 3814 1185 3860 an
1231 3813 1447 3876 sanus,
1494 3795 1805 3874 numquid
1850 3799 1970 3860 tua
2015 3795 2205 3877 signa
2249 3793 2527 3875 reliqui?

834 3902 937 3967 'Pu
981 3901 1142 3966 mihi
1185 3901 1603 3984 propositum,
1649 3905 1726 3966 tu
1771 3900 1932 3966 mihi
1976 3919 2229 3982 semper
2276 3919 2451 3982 opus

583 4107 673 4162 55.
744 4109 1030 4177 alimenta]
1067 4107 1159 4160 die
1196 4107 1397 4176 Opfer,
1447 4108 1537 4161 die
1575 4107 1722 4161 euch
1915 4109 2002 4163 70.
2072 4123 2184 4162 non
2206 4107 2477 4161 diuturna
2502 4105 2633 4175 fuit]
2669 4106 2743 4160 ist
2777 4104 2934 4159 nicht
2970 4106 3051 4159 alt

479 4177 661 4231 meine
695 4177 973 4232 Eruiehnn
1049 4176 1309 4247 gekostet
1343 4179 1462 4231 hat.
1805 4177 2118 4248 geworden.

581 4245 673 4301 6⁷.
743 4245 861 4300 Der
885 4246 940 4301 Gr
1015 4247 1160 4299 anke
1194 4263 1265 4298 an
1289 4247 1415 4300 Tod
1439 4245 1553 4299 und
1576 4245 1718 4299 Ver·
1913 4247 2001 4302 72.
2071 4247 2266 4316 nialus]
2304 4261 2409 4298 nur
2443 4244 2705 4299 ha‘ssliehe
2742 4243 2973 4314 (Peter).

479 4315 864 4385 ganglichkeit
895 4316 1174 4386 beleidigt
1205 4315 1296 4368 die
1321 4315 1586 4386 MaJestiit
1619 4316 1718 4369 der
2840 4341 2847 4350 ·

479 4385 577 4437 ew·
654 4403 690 4438 n
727 4384 942 4440 Gotter.
1908 4385 2016 4440 No.
2035 4386 2128 4440 27.
2176 4386 2231 4440 1.
2264 4382 2597 4454 qeminormn
2614 4383 2893 4451 Amorum]
2912 4381 3050 4438 Ero·

743 4454 854 4509 Die
911 4454 1172 4518 Feralia,
1246 4453 1346 4507 das
1411 4453 1716 4518 Totenfest,
1803 4453 1919 4507 und
1954 4453 2213 4508 Anteros.

478 4518 675 4577 feierte
698 4540 828 4577 man
853 4539 942 4577 am
968 4525 1052 4579 21.
1072 4523 1350 4592 Februar3
1375 4523 1487 4594 vgl.
1506 4522 1610 4577 No.
1631 4523 1716 4577 22.
