3684 5275
606 412 691 478 82
710 471 715 478 .
1680 418 1919 474 Zweiter
1961 417 2106 473 Teil.

786 609 842 651 πο
959 583 1247 667 Imposui
1289 582 1539 665 rapidis
1584 581 1843 650 viscera
1889 585 2116 648 nostra
2160 581 2363 666 rogis:

876 691 1001 758 Vel
1046 691 1217 771 quod
1264 707 1442 756 eram
1486 689 1725 773 Musas,
1772 694 1850 754 ut
1895 687 2166 754 crimina.
2210 691 2455 770 nostra,
2500 705 2784 773 perosus,

964 796 1091 864 Vel
1136 797 1307 878 quod
1351 796 1563 862 adhuc
1608 791 1904 861 crescens
1948 798 2016 860 et
2062 795 2224 860 rude
2269 811 2529 861 carmen
2575 799 2737 860 erat.
2779 819 2786 826 ·

878 905 1062 988 Quae
1108 902 1410 984 quoniam
1454 919 1584 968 non
1628 906 1784 968 sunt
1827 901 2090 983 penitus
2136 899 2418 982 sublata,
2462 901 2584 966 sed·
2622 905 2874 984 extant,
2919 937 3009 950 —-

965 1010 1276 1076 Pluribus
1320 1008 1631 1091 exemplis
1676 1007 1930 1089 scripta
1969 1006 2173 1073 fuisse
2216 1024 2366 1072 reor
2406 1042 2498 1053 —

790 1142 846 1185 π
875 1118 1063 1183 Nunc
1105 1133 1353 1199 precor,
1398 1120 1475 1181 ut
1518 1114 1757 1183 vivant
1800 1118 1872 1180 et
1915 1129 2044 1178 non
2087 1111 2334 1196 ignava
2375 1112 2701 1198 legentem

966 1221 1125 1288 Otia
1171 1221 1499 1288 delectent
1543 1221 2064 1300 admoneantque
2108 1218 2254 1286 mei.

876 1329 1013 1395 Nec
1056 1333 1279 1394 tamen
1322 1327 1441 1392 illa
1485 1327 1619 1408 legi
1662 1331 1974 1408 poterunt
2017 1325 2350 1408 patienter
2395 1326 2480 1392 ab
2527 1325 2678 1410 ullo,

964 1434 1234 1502 Nesciet
1278 1433 1382 1499 his
1425 1450 1740 1500 summam
1786 1432 1992 1513 siquis
2036 1432 2268 1498 abesse
2311 1450 2588 1498 manum.

878 1541 1194 1609 Ablatum
1238 1539 1468 1606 mediis
1514 1557 1674 1621 opus
1721 1544 1823 1605 est
1867 1538 2210 1604 incudibus
2253 1537 2434 1622 illud,

794 1674 851 1715 ao
970 1645 1204 1714 Defuit
1248 1651 1319 1712 et
1362 1646 1627 1728 scriptis
1672 1645 1908 1711 ultima
1949 1644 2108 1710 lima
2153 1644 2330 1711 meis.

878 1755 973 1822 Et
1016 1752 1277 1820 veniam
1322 1770 1440 1835 pro
1485 1751 1681 1818 laude
1723 1755 1896 1833 peto,
1941 1750 2249 1818 laudatus
2295 1752 2568 1835 abunde,

967 1859 1113 1926 Non
1156 1857 1499 1926 fastiditus
1542 1857 1603 1924 si
1645 1857 1788 1940 tibi,
1833 1857 2058 1942 lector,
2105 1875 2232 1925 ero.

878 1967 1017 2034 Hos
1065 1981 1322 2047 quoque
1364 1982 1481 2032 sex
1526 1982 1775 2048 versus,
1820 1963 1891 2030 in
1936 1963 2129 2046 primi
2173 1963 2395 2032 fronte
2437 1963 2649 2032 libelli

969 2071 1042 2140 Si
1084 2072 1575 2153 praeponendos
1619 2088 1761 2137 esse
1805 2070 2091 2156 putabis,
2135 2071 2332 2138 habe:

792 2203 848 2244 οε
878 2177 1077 2244 ‘Orba
1119 2183 1393 2259 parente
1439 2195 1555 2244 suo
1603 2177 1992 2259 quicumque
2035 2177 2369 2244 volumina
2413 2178 2654 2262 tangis,

968 2283 1093 2349 His
1136 2283 1373 2351 saltem
1416 2288 1642 2351 vestra
1688 2285 1882 2350 detur
1925 2283 1995 2349 in
2039 2283 2222 2350 Urbe
2265 2283 2472 2350 locus!

882 2388 1154 2472 Quoque
1196 2390 1407 2474 magis
1451 2387 1701 2472 faveas,
1745 2390 1911 2455 haec
1955 2407 2087 2456 non
2131 2395 2286 2456 sunt
2332 2390 2513 2457 edita
2559 2390 2642 2456 ab
2687 2390 2846 2474 ipso,

974 2495 1105 2562 Sed
1149 2495 1337 2577 quasi
1384 2496 1465 2562 de
1509 2495 1753 2562 domini
1794 2495 2028 2562 funere
2072 2501 2270 2577 rapta.
2313 2497 2432 2562 sui.

888 2601 1212 2688 Quicquid
1256 2602 1326 2670 in
1370 2601 1475 2669 his
1518 2601 1727 2687 igitur
1771 2600 1926 2670 vitii
1969 2603 2132 2669 rude
2177 2620 2439 2670 carmen
2483 2603 2772 2687 habebit,

796 2735 856 2775 4⁰
964 2710 1475 2793 Emendaturus,
1528 2709 1587 2775 si
1630 2710 1942 2793 licuisset,
1989 2710 2202 2777 eram!

1610 2938 1721 3007 no.
1754 2938 1848 3008 35
1895 2936 2001 3022 (tr.
2046 2937 2083 3003 I
2113 2937 2198 3023 9).

842 3092 1411 3161 Unwandelbare
1455 3090 1990 3217 Freundschaft
2031 3094 2138 3161 lm
2181 3093 2481 3162 Wandel
2526 3094 2649 3163 dos
2694 3094 2991 3165 muchs-

888 3251 1100 3317 Detur
1143 3250 1455 3317 inoffenso
1500 3248 1683 3316 vitae
1729 3250 1855 3315 tibi
1897 3254 2176 3334 tangere
2219 3256 2478 3336 metam,

979 3357 1107 3440 Qui
1150 3356 1317 3439 legis
1361 3356 1483 3422 hoc
1526 3355 1717 3422 nobis
1758 3374 1889 3422 non
1932 3356 2232 3423 inimicus
2276 3375 2452 3440 opus.

890 3464 1114 3544 Atque
1156 3462 1407 3529 utinam
1454 3480 1572 3545 pro
1619 3467 1689 3527 te
1732 3466 2001 3543 possent
2043 3482 2188 3530 mea
2233 3469 2391 3532 vota
2436 3464 2678 3549 valere,

981 3567 1167 3652 Quae
1210 3586 1328 3651 pro
1375 3587 1479 3635 me
1525 3570 1720 3635 duros
1765 3587 1896 3635 non
1939 3570 2224 3653 tetigere
2269 3571 2446 3636 deos!

832 3702 860 3741 ⁵
890 3674 1114 3741 Donec
1158 3676 1289 3741 eris
1334 3692 1572 3758 sospeS,
1616 3676 1858 3743 multos
1903 3676 2275 3743 numerabis
2320 3678 2585 3746 amicos:

981 3782 1305 3862 Tempora
1350 3780 1408 3846 si
1452 3780 1702 3847 fuerint
1744 3782 1992 3866 nubila,
2037 3783 2213 3849 solus
2258 3783 2404 3849 eris,

892 3886 1169 3972 Aspicis,
1215 3890 1292 3953 ut
1338 3885 1612 3955 veniant
1657 3889 1743 3954 ad
1787 3888 2068 3955 candida
2113 3893 2295 3956 tecta
2340 3890 2694 3976 columbae,

981 3993 1288 4075 Accipiat
1331 3992 1547 4060 nullas
1592 3994 1857 4061 sordida
1902 3994 2106 4061 turris
2153 3994 2350 4062 aves?

730 4182 825 4239 2⁰.
893 4184 1106 4237 mbcera
1137 4183 1348 4253 nostra]
1394 4184 1574 4238 moine
1622 4182 1864 4237 Kinder·
1956 4183 2184 4253 Hand⁸3
2255 4184 2394 4238 uber
2451 4200 2689 4239 summus
2748 4182 2859 4255 vgl.
2919 4184 3065 4239 oben
3124 4198 3192 4234 zu

626 4252 957 4379 3513&an
1020 4250 1275 4319 ,Pleiseh
1335 4252 1448 4307 unu
1507 4251 1673 4307 Blut·
1750 4222 1868 4307 und
1954 4252 2058 4309 No.
2083 4252 2169 4320 32,
2191 4253 2278 4309 58.

686 4363 701 4377 .
2055 4324 2149 4379 88.
2221 4323 2422 4449 libani!
2458 4321 2989 4392 metamorphoseon.

732 4392 823 4447 26.
894 4392 1029 4461 otia]
1064 4390 1156 4445 die
1184 4391 1403 4447 Kinder
1437 4392 1647 4448 meiner
1668 4390 1866 4461 Musse3
2055 4393 2148 4448 4⁰.
2651 4394 2818 4463 oram]
2877 4393 2936 4447 in
2990 4391 3194 4447 Proca:

628 4476 741 4517 uon
772 4462 996 4533 ignava]
1030 4459 1238 4533 fleiflig.
1555 4532 1567 4545 .
1953 4463 2402 4517 emendavissem.
2629 4532 2642 4544 .

730 4531 821 4587 28.
890 4547 1149 4586 sumam
1204 4532 1441 4601 manum]
1512 4532 1605 4585 die
1668 4530 1866 4599 ,letzte
2057 4532 2164 4588 No.
2199 4532 2290 4589 35.
2361 4532 2416 4588 6.
2488 4530 2721 4602 fuerunt]
2757 4531 2914 4587 facto.
2947 4539 3126 4588 erunt.
