3684 5275
648 349 731 414 72
1715 361 1955 419 Zweiter
1998 363 2142 418 Toil.

996 525 1271 592 Sarcina
1313 525 1531 592 laturo
1578 544 1821 609 magna
1866 526 2130 594 futurus
2177 545 2340 594 eras

904 631 1135 714 Longa
1178 633 1292 698 via
1338 636 1455 714 est,
1500 635 1806 714 propera!
1883 634 2070 700 nobis
2116 633 2532 700 habitabitur
2577 635 2754 702 orbis

994 736 1297 822 Ultimus,
1343 756 1386 804 a
1430 745 1611 806 terra
1656 743 1840 806 terra
1883 744 2134 805 remota
2177 757 2339 806 mea.

1638 1008 1750 1079 110.
1782 1011 1852 1081 31
1901 1009 2012 1096 (tr.
2057 1011 2094 1078 I
2126 1010 2212 1096 2).

1565 1166 1656 1231 In
1702 1163 2282 1236 Sturmcsniitcn.

906 1321 992 1388 Di
1035 1323 1237 1388 maris
1285 1327 1354 1388 et
1400 1322 1581 1405 caeli,
1627 1360 1719 1370 —
1760 1323 1918 1404 quid
1964 1324 2134 1390 enim
2181 1325 2308 1390 nisi
2354 1330 2513 1393 vota
2556 1328 2954 1410 supersunt?
3004 1367 3090 1375 —

993 1428 1265 1496 Solvere
1309 1433 1658 1510 quassatae
1702 1429 1960 1511 parcite
2003 1431 2295 1499 membra
2339 1432 2525 1516 ratis,
2818 1415 2824 1421 ’

904 1534 1105 1618 Neve,
1149 1552 1397 1620 precor,
1441 1535 1664 1619 magni
1709 1537 2105 1603 subscribite
2151 1537 2452 1604 Caesaris
2497 1537 2662 1604 irae!

992 1640 1203 1723 Saepe
1247 1647 1580 1724 premente
1628 1644 1745 1709 deo
1792 1641 1928 1709 fert
1975 1643 2134 1709 deus
2180 1643 2354 1709 alter
2397 1662 2599 1726 opem.

846 1771 871 1811 5
902 1747 1225 1815 Mulciber
1267 1748 1336 1814 in
1383 1747 1662 1833 Troiam,
1709 1767 1826 1830 pro
1873 1749 2074 1815 Troia
2118 1749 2344 1814 stabat
2389 1749 2647 1832 Apollo:

993 1855 1225 1935 Aequa
1269 1855 1489 1921 Venus
1535 1855 1825 1940 Teucris,
1868 1855 2094 1921 Pallas
2139 1854 2366 1936 iniqua
2409 1855 2555 1922 fuit.

907 1959 1149 2026 Oderat
1199 1961 1467 2027 Aenean
1510 1962 1776 2044 propior
1822 1961 2137 2028 Saturnia
2183 1960 2436 2027 Turno:

991 2067 1115 2134 Ille
1159 2072 1378 2133 tamen
1425 2067 1703 2133 Veneris
1748 2067 2011 2134 numine
2055 2070 2240 2134 tutus
2287 2071 2449 2134 erat.

906 2173 1114 2255 Saepe
1158 2173 1346 2239 ferox
1392 2177 1656 2238 cautum
1700 2172 1898 2253 petiit
1943 2172 2285 2254 Neptunus
2329 2173 2594 2240 Ulixen:

817 2306 873 2346 ιο
991 2279 1259 2361 Eripuit
1303 2282 1540 2360 patruo
1588 2296 1786 2359 saepe
1829 2279 2136 2346 Minerva
2179 2298 2312 2346 suo,

902 2385 996 2450 Et
1041 2385 1228 2451 nobis
1273 2384 1555 2468 aliquod,
1602 2384 1906 2466 quamvis
1948 2385 2264 2452 distamus
2310 2386 2395 2452 ab
2441 2385 2594 2468 illis,

991 2491 1151 2574 Quis
1197 2495 1387 2556 vetat
1430 2489 1603 2555 irato
1650 2508 1889 2556 numen
1934 2491 2162 2557 adesse
2208 2489 2368 2558 deo?

901 2596 1126 2664 Verba
1169 2595 1365 2663 miser
1411 2594 1664 2663 frustra
1708 2614 1838 2663 non
1881 2595 2292 2679 proficientia
2334 2599 2536 2681 perdo

990 2703 1145 2784 Ipsa
1189 2720 1428 2785 graves
1474 2708 1794 2786 spargunt
1840 2722 1959 2769 ora
2002 2704 2327 2786 loquentis
2373 2722 2600 2787 aquae,

814 2832 867 2873 1⁵
900 2808 1369 2890 Terribilisque
1412 2813 1607 2875 notus
1650 2809 1863 2881 iactat
1908 2828 2054 2878 mea
2099 2810 2294 2895 dicta,
2339 2828 2692 2893 precesque

991 2916 1097 2981 Ad
1140 2933 1299 2996 quos
1342 2915 1713 2999 mittuntur,
1756 2933 1887 2981 non
1932 2915 2093 2983 sinit
2136 2917 2236 2982 ire
2279 2918 2448 2983 deos.

902 3022 1082 3104 Ergo
1128 3021 1299 3086 idem
1345 3022 1547 3103 venti,
1592 3040 1674 3087 ne
1720 3040 1922 3087 causa
1964 3021 2194 3089 laedar
2236 3023 2306 3088 in
2353 3042 2500 3107 una,

993 3126 1290 3208 Velaque
1335 3126 1550 3193 nescio
1598 3144 1723 3207 quo
1767 3130 2056 3208 votaque
2101 3135 2330 3194 nostra
2373 3128 2616 3195 ferunt.

903 3234 1012 3299 Me
1056 3232 1377 3315 miserum,
1424 3231 1655 3313 quanti
1698 3238 1951 3300 montes
1998 3232 2355 3301 volvuntur
2401 3236 2741 3317 aquarum!

815 3364 870 3404 20
990 3339 1134 3406 Iam
1177 3338 1308 3405 iam
1353 3342 1649 3405 tacturos
1693 3339 1913 3405 sidera
1957 3358 2206 3406 summa
2249 3344 2458 3422 putes.

904 3445 1206 3528 Quantae
1254 3445 1513 3511 diducto
1560 3444 1907 3511 subsidunt
1953 3464 2234 3527 aequore
2280 3445 2515 3513 valles!

993 3551 1136 3617 Iam
1180 3550 1313 3616 iam
1356 3555 1655 3617 tacturas
1701 3552 1989 3618 Tartara
2033 3553 2228 3635 nigra
2271 3557 2482 3634 putes.

636 3806 651 3813 -
746 3777 870 3832 126.
940 3775 1156 3831 woute
1189 3776 1285 3829 ich
1315 3776 1425 3830 aue
1449 3776 1629 3830 maine
1656 3774 1881 3847 magen
2105 3778 2164 3833 a.
2215 3746 2546 3832 mambae
2557 3776 2698 3846 irae]
2711 3774 3220 3830 untenffltntnieht

642 3846 757 3901 und
780 3845 1090 3902 Gedanken
1119 3845 1509 3915 auoeprechen,
1544 3845 1783 3899 wurdeet
1804 3846 1881 3900 du
1967 3846 2114 3901 noch
2150 3847 2258 3901 den
2294 3845 2468 3915 Zorn3
2515 3862 2573 3899 e·
2607 3846 2682 3899 ist
2727 3845 2820 3899 ein
2861 3843 3218 3914 juristischet

642 3934 711 3971 su
756 3917 969 3971 schwer
1009 3916 1232 3970 werden
1280 3913 1373 3969 fiir
1418 3914 1555 3982 den,
1602 3915 1701 3969 der
1747 3915 1882 3969 dich
1968 3915 2290 3970 Terminus:
2327 3917 2453 3971 eine
2477 3914 2666 3987 Klage
2689 3914 2878 3967 vui-de
2913 3913 3073 3967 nicht
3109 3930 3219 3967 mu·

644 3987 787 4041 nach
824 3986 967 4040 Rom
999 3985 1127 4038 brin
1170 4002 1235 4039 en
1273 3984 1393 4039 soll.
1965 4001 2096 4039 vom
2131 3984 2348 4057 Kffiger
2380 3984 2580 4053 selbot,
2631 3984 2868 4039 condem
2912 3984 3062 4037 auch
3103 4000 3216 4038 von

702 4098 715 4113 .
780 4056 888 4112 No·
922 4055 1015 4111 31.
1164 4054 1377 4109 fihrend
1423 4054 1524 4107 das
1564 4052 1745 4108 Schiff
1786 4053 1884 4107 dee
1969 4055 2600 4110 einemodermehreren
2612 4053 3015 4122 subscriptores
3027 4060 3216 4107 unter-

644 4124 935 4191 Dichtern,
982 4124 1081 4178 das
1126 4125 1225 4178 ihn
1262 4124 1410 4179 nach
1446 4122 1612 4177 Tomi
1644 4124 1882 4195 bringen
1968 4125 2240 4179 zeichnet.

644 4194 762 4263 nou,
798 4196 877 4249 im
910 4193 1204 4249 Ionischen
1241 4193 1428 4248 Meere
1463 4192 1645 4261 ffihrt,
1693 4193 1885 4246 bricht
2077 4195 2167 4251 12.
2238 4194 2357 4265 deo]
2393 4196 2698 4265 Augustus.

644 4266 735 4319 ein
786 4262 1142 4318 furchtbarer
1198 4262 1386 4317 Sturm
1445 4280 1572 4329 aus,
1631 4261 1732 4316 der
1783 4262 1885 4315 das
2075 4266 2166 4320 17.
2238 4263 2401 4319 Sinn:
2439 4264 2598 4317 nicht
2619 4278 2742 4331 nur,
2767 4262 2878 4315 dafl
2904 4261 3003 4316 der
3027 4260 3224 4315 Sturm

646 4332 827 4388 Schiff
844 4334 957 4388 fast
979 4333 1124 4387 nach
1150 4332 1358 4386 Italien
1382 4330 1880 4402 zuruekgeaehleu-
1971 4332 2072 4387 das
2121 4332 2303 4387 Schiff
2343 4334 2402 4387 in
2450 4332 2671 4389 (ἰοί-’11111-
2715 4332 2936 4403 bringt,
2991 4348 3051 4385 er
3099 4347 3221 4385 ver-

642 4404 769 4457 dert
790 4404 964 4457 hatte.
992 4432 1059 4443 -—-
1083 4401 1291 4456 Abfass
1466 4402 1572 4456 eit:
1614 4402 1648 4455 9
1672 4418 1726 4454 n.
1751 4400 1881 4455 Chr.
1967 4402 2121 4457 weht
2156 4404 2300 4458 auch
2338 4404 2486 4457 mein
2523 4400 2726 4457 Grebct.

782 4472 837 4528 2.
900 4472 1141 4542 parcite]
1178 4473 1391 4541 poetisc
1465 4470 1556 4525 fur
1594 4470 1779 4525 nolite.
2074 4472 2165 4529 21.
2236 4473 2426 4543 vallea]
2465 4471 2786 4543 Abgrunde.
