3684 5275
1343 464 1448 522 No.
1473 464 1542 519 23
1578 465 1691 535 (ιιι
1715 464 2036 536 sos-876).
2888 470 2973 537 53

672 646 780 711 An
825 644 996 726 quod
1039 642 1244 709 habet
1285 640 1515 725 legem,
1561 641 1800 723 capitis
1846 658 2015 722 quae
2058 642 2341 723 pendere
2384 658 2627 723 poenas
2692 658 2699 663 ·

760 752 869 817 Ex
910 748 1024 816 illo
1067 749 1299 815 iubeat
1339 747 1522 813 furta
1565 752 1834 829 reperta
1874 747 2019 814 loco
2032 746 2066 813 Ρ

672 858 735 923 Α
781 872 1180 938 quacumque
1225 852 1438 919 trahis
1481 854 1738 919 ratione
1782 854 2123 936 vocabula,
2167 802 2409 937 Pallas,

582 992 640 1031 4⁰
757 964 886 1029 Pro
931 960 1204 1027 ducibus
1247 960 1490 1025 nostris
1535 959 1774 1043 aegida
1817 977 2073 1041 semper
2114 960 2313 1027 habe!

671 1069 933 1137 Summa
975 1068 1115 1133 dies
1162 1085 1199 1132 e
1244 1066 1529 1148 quinque
1572 1066 1768 1132 tubas
1812 1065 2099 1133 lustrare
2143 1084 2415 1133 canoras

759 1175 1082 1241 Admonet
1127 1178 1197 1239 et
1241 1171 1404 1239 forti
1447 1170 1814 1238 sacrificare
1860 1171 2039 1239 deae.

669 1282 854 1348 Nunc
897 1284 1086 1363 potes
1129 1281 1214 1345 ad
1259 1279 1459 1345 solem
1502 1278 1762 1344 sublato
1809 1278 2025 1344 dicere
2069 1279 2257 1347 voltu

757 1386 901 1453 ‘Hic
945 1386 1108 1452 here
1145 1385 1474 1451 Phrixeae
1518 1384 1769 1452 vellera
1811 1385 2055 1467 pressit
2100 1386 2279 1452 ovis?

575 1518 634 1560 ιο
663 1494 1030 1561 Seminibus
1073 1492 1268 1558 tostis
1311 1491 1672 1558 sceleratae
1715 1490 1948 1557 fraude
1992 1509 2315 1558 novercae

754 1592 1128 1667 Sustulerat
1171 1598 1385 1664 nullas
1430 1602 1507 1663 ut
1549 1596 1734 1681 solet,
1779 1597 1989 1663 herba
2032 1615 2263 1665 comas.

664 1706 962 1772 Mittitur
1006 1706 1092 1771 ad
1133 1705 1448 1787 tripodas,
1494 1708 1680 1769 certa
1722 1704 1836 1784 qui
1881 1708 2061 1769 sorte
2104 1711 2416 1788 reportet,

752 1811 963 1895 Quam
1007 1810 1222 1878 sterili
1265 1815 1486 1876 terrae
1529 1809 1887 1891 Delphicus
1932 1810 2087 1876 edat
2130 1828 2333 1892 opem.

665 1918 794 1984 Hic
840 1936 1092 2001 quoque
1139 1921 1483 1999 corruptus
1529 1935 1671 1982 cum
1717 1917 1981 2000 semine,
2026 1916 2295 1982 nuntiat
2336 1916 2563 1984 Helles

574 2052 632 2091 ao
751 2025 844 2090 Et
887 2024 1146 2091 iuvenis
1191 2022 1424 2089 Phrixi
1468 2022 1704 2089 funera
1748 2022 1926 2088 sorte
1970 2024 2127 2104 peti.

665 2130 886 2212 thue
929 2134 1339 2197 recusantem
1387 2130 1564 2195 cives
1611 2135 1679 2195 et
1725 2134 1983 2211 tempus
2027 2134 2098 2195 et
2142 2129 2263 2195 Ino

752 2236 1216 2319 compulerunt
1259 2253 1479 2319 regem
1523 2236 1702 2301 iussa
1745 2235 2034 2302 nefanda
2076 2238 2238 2321 pati,

661 2344 755 2409 Et
797 2362 980 2410 soror
1023 2348 1094 2409 et
1135 2342 1439 2426 Phrixus,
1467 2342 1694 2409 'velati
1737 2346 2036 2424 tempora
2078 2342 2289 2426 vittis,

751 2450 950 2517 Stant
993 2450 1184 2516 simul
1230 2453 1388 2516 ante
1433 2466 1602 2531 aras,
1645 2448 2001 2530 iunctaque
2044 2448 2192 2515 fata
2233 2454 2559 2532 gemunt.-

575 2580 632 2621 σε,
662 2556 920 2638 Aspicit
963 2556 1100 2642 hos,
1144 2560 1222 2621 ut
1266 2552 1441 2622 forte
1486 2556 1887 2638 pependerat
1932 2556 2219 2639 aethere,
2262 2561 2494 2692 mater,

749 2664 842 2728 Et
886 2661 1047 2729 ierit
1091 2663 1381 2728 attonita
1423 2667 1693 2745 pectora
1737 2664 1913 2728 nuda
1955 2680 2184 2729 manu·

667 2767 871 2849 Inque
917 2769 1420 2852 draconigenam
1465 2768 1703 2835 nimbis
1748 2769 2215 2852 comitantibus
2260 2768 2487 2834 urbem

749 2874 1009 2958 Desilit,
1054 2878 1124 2940 et
1167 2878 1358 2940 natos
1405 2875 1603 2957 eripit
1647 2875 1798 2940 inde
1842 2893 2013 2940 suos.

664 2981 886 3061 thue
929 2979 1155 3063 fugam
1200 2981 1482 3064 capiant,
1529 2981 1701 3046 aries
1746 2981 2175 3048 nitidissimus
2221 2999 2381 3048 auro

570 3113 626 3152 co
744 3085 1085 3152 Traditur:
1130 3085 1245 3152 ille
1289 3087 1475 3153 vehit
1518 3105 1640 3168 per
1681 3085 1861 3152 freta
1903 3087 2099 3170 longa
2142 3089 2321 3155 duos,

655 3191 918 3259 Dicitur
957 3191 1218 3258 infirma
1261 3209 1462 3258 cornu
1505 3193 1794 3259 tenuisse
1839 3193 2111 3260 sinistra

741 3299 1032 3382 Femina,
1077 3317 1223 3364 cum
1268 3299 1350 3364 de
1394 3316 1466 3364 se
1509 3299 1769 3365 nomina
1811 3299 1975 3366 fecit
2006 3319 2246 3382 aquae.

652 3405 873 3471 Paene
917 3405 1109 3471 simul
1153 3405 1372 3488 periit,
1418 3405 1569 3472 dum
1614 3406 1758 3473 volt
1801 3425 2180 3473 succurrere
2224 3407 2467 3491 lapsae,

740 3510 998 3595 Frater,
1045 3511 1113 3578 et
1159 3515 1464 3578 extentas
1505 3512 1787 3596 porrigit
1830 3530 2036 3594 usque
2078 3531 2325 3580 manus.

567 3643 622 3685 os
652 3617 913 3701 Flebat,
957 3621 1034 3684 ut
1079 3617 1322 3684 amissa
1363 3617 1609 3700 gemini
1654 3624 1954 3685 consorte
1998 3620 2245 3704 pericli,

742 3723 1054 3790 Caeruleo
1098 3724 1390 3790 iunctam
1435 3724 1694 3790 nescius
1738 3743 1881 3790 esse
1926 3726 2064 3791 deo.

488 3897 558 3952 8⁷
577 3896 624 3953 f.
685 3896 1110 3951 Konstruierez.
1167 3897 1365 3968 ‚legem
1385 3896 1626 3966 (templi)
1819 3898 1912 3953 44.
1984 3899 2093 3970 hic]
2129 3899 2227 3954 sol.
2254 3930 2325 3940 —
2340 3901 2567 3969 pressit]
2611 3903 2727 3952 τιατ
2760 3899 2819 3952 ιιι
2856 3899 2955 3952 das

384 3981 530 4088 &aaa
582 3968 773 4022 iubeat
823 3967 982 4034 furta
1035 3982 1106 4021 ex
1132 3937 1254 4022 {uo
1313 3967 1427 4021 loco
1487 3914 1628 4035 (also
1715 3966 1975 4070 Zeichen.
2011 3999 2083 4010 —
2118 3971 2251 4023 here
2306 3992 2380 4016 ==
2411 3969 2554 4023 heri.

439 4035 960 4106 empeldiebstfihle)
1016 4043 1244 4106 reperta
1307 4037 1488 4105 (wenn
1545 4037 1632 4090 sie
1815 4037 1910 4094 45.
1979 4050 2246 4094 novercae
2300 4038 2399 4094 der
2433 4037 2565 4105 Ino,
2618 4036 2827 4092 welche
2863 4037 2955 4092 die

389 4104 1338 4264 ff‘isz‘fflassffiffl
1363 4105 1628 4176 pm·
1711 4105 1941 4230 {aaz
1969 4103 2319 4232 32:132233
2322 4079 2957 4261 misssi&

411 4260 418 4271 ·
486 4279 622 4337 41¹
692 4277 836 4334 DM
870 4278 1414 4334 Tubilustrium
1613 4263 1618 4268 ·
1711 4246 1814 4298 das
1834 4246 2373 4318 Landzubringen,
2396 4246 2689 4303 unddann
2713 4245 2955 4300 Phrixus

487 4365 580 4422 41.
647 4367 874 4436 ema]
909 4364 1010 4420 der
1038 4365 1210 4421 letzte
1232 4382 1340 4421 von
1366 4365 1474 4423 den
1495 4364 1630 4420 fimf
1709 4314 2415 4456 ωᾶ4ἓθῃγῗςοῖαᾱὲῗωέοω

380 4432 578 4505 Tagen
615 4435 717 4490 der
749 4434 1155 4507 Quinquatrien
1191 4436 1256 4504 (a.
1291 4434 1365 4492 V.
1393 4435 1468 4506 2).
1812 4455 1905 4511 57
1975 4455 2181 4526 urbm]
2216 4453 2470 4512 Thebe„

377 4520 752 4645 Wiffiz·
782 4520 928 4577 Die
975 4521 1437 4592 Apotheose
1487 4523 1619 4577 des
1703 4525 1901 4648 Half}
1972 4525 2267 4596 Neptunus
2318 4523 2627 4590 vermfihlte
2675 4509 2797 4588 sich
2828 4523 2953 4656 lmit

2968 1087 3059 1139 23.
3084 1085 3265 1142 Mars.
3388 1136 3395 1143 .
