3684 5275
678 395 814 463 -110
1762 407 2004 462 zweiter
2045 407 2189 462 Ten.

1638 605 1752 674 κο.
1782 603 1884 673 48
1930 586 2184 688 (tr.'1v
2217 587 2305 689 6).
2349 605 2374 612 ··

1154 714 1527 842 Hoffnung
1558 725 1705 854 ¹auf
1740 757 2104 842 Erliisung
2149 760 2374 829 durch
2409 711 2558 830 :den
2601 762 2777 831 Tod.

951 917 1269 1000 Tempore
1314 917 1637 983 ruricolae
1681 917 1944 999 patiens
1987 917 2066 984 fit
2110 923 2343 985 taurus
2389 920 2614 1001 aratri,

1039 1024 1327 1090 Praebet
1373 1028 1443 1090 et
1484 1024 1758 1091 incurvo
1806 1023 1974 1090 oolla
2016 1025 2367 1105 premenda
2411 1025 2589 1108 iug03

951 1131 1269 1213 Tempore
1312 1135 1505 1212 paret
1550 1148 1752 1211 equus
1794 1129 1996 1196 lentis
2040 1131 2365 1197 animosus
2408 1132 2698 1214 habenis,

1040 1237 1134 1301 Et
1176 1237 1432 1318 placido
1479 1238 1674 1303 duros
1719 1222 1964 1318 accipit
2007 1255 2120 1303 ore
2163 1237 2375 1319 lup0s;

890 1371 918 1410 5
949 1343 1265 1426 Tempore
1309 1344 1671 1410 Poenorum
1718 1343 2148 1425 compescitur
2191 1344 2295 1409 ira
2337 1343 2612 1427 leonum,

1037 1449 1173 1516 Nec
1218 1449 1453 1516 feritas
1498 1450 1730 1532 animo,
1776 1467 1945 1530 quae
1990 1449 2121 1515 fuit
2167 1455 2340 1532 ante,
2386 1457 2624 1532 manet,

947 1556 1259 1640 Quaeque
1304 1555 1405 1622 sui
1449 1557 1715 1622 monitis
1760 1556 2172 1638 obtemperat
2215 1556 2383 1622 Inda
2425 1555 2727 1639 magistri

1037 1663 1260 1745 Belua,
1306 1663 1647 1730 servitium
1692 1667 1984 1744 tempore
2031 1663 2220 1730 victa·
2255 1663 2448 1729 subit.

948 1769 1245 1852 Tempus,
1292 1775 1368 1835 ut
1414 1769 1700 1835 extensis
1742 1773 2001 1834 tumeat
2044 1768 2228 1852 facit,
2271 1787 2405 1835 uva
2450 1769 2740 1852 racemiS,

858 1905 914 1943 ιο
1032 1875 1293 1956 Vixque
1337 1893 1582 1941 merum
1630 1875 1900 1957 capiant
1943 1893 2172 1958 grana,
2217 1877 2390 1956 quod
2435 1876 2613 1942 intus
2657 1877 2929 1958 habent3

946 1982 1227 2063 Tempus
1272 1986 1341 2048 et
1385 1983 1455 2046 in
1500 1999 1709 2048 canas·
1746 2001 1965 2048 semen
2008 1983 2311 2064 producit
2355 1983 2615 2065 aristaS,
2821 1993 2824 1998 ·

1034 2089 1127 2154 Et
1170 2107 1256 2155 ne
1298 2089 1435 2155 sint
1478 2089 1661 2154 tristi
1703 2106 1895 2170 poma
1939 2105 2186 2172 sapore,
2233 2093 2442 2156 cavet.

944 2195 1089 2262 Hoc
1132 2201 1368 2261 tenuat
1412 2197 1671 2262 dentem
1716 2201 1962 2261 terram
2005 2196 2387 2262 renovantis
2433 2196 2662 2276 aratri,

1032 2301 1177 2367 Hoc
1220 2302 1472 2385 rigidas
1516 2301 1751 2384 silices,
1796 2302 1918 2366 hoe
1965 2303 2318 2367 adamanta
2360 2302 2542 2367 terit.

854 2433 911 2474 ιο
940 2409 1083 2476 Hoc
1129 2409 1330 2474 etiam
1374 2426 1608 2474 saevas
1654 2408 1974 2490 paulatim
2020 2409 2286 2490 mitigat
2331 2408 2484 2489 iraS,

1032 2515 1176 2582 Hoc
1219 2514 1455 2604 minuit
1498 2514 1713 2581 luctus
1759 2518 2140 2595 maestaque
2185 2514 2382 2581 eorda
2427 2514 2626 2580 levat.

883 2692 889 2700 ,
945 2621 1197 2689 Cuncta
1240 2626 1459 2704 potest
1501 2621 1711 2707 igitur
1756 2622 1964 2688 tacito
2012 2622 2175 2704 pede
2221 2621 2410 2703 lapsa
2453 2625 2752 2689 vetustas

1032 2730 1505 2811 Praeterquam
1552 2747 1744 2795 ouras
1789 2732 2138 2795 attenuare
2183 2746 2378 2795 meas,

943 2835 1038 2901 Ut
1080 2837 1304 2917 patria
1348 2854 1555 2919 careo,
1601 2836 1703 2902 bis
1746 2835 2049 2918 frugibus
2095 2852 2252 2901 area
2298 2834 2463 2899 trita
2509 2839 2650 2915 ests

852 2965 909 3005 ιο
1026 2942 1333 3007 Dissiluit
1375 2944 1547 3008 nudo
1591 2960 1815 3024 pressa
1861 2942 1966 3007 bis
2010 2959 2144 3007 uva
2188 2942 2369 3023 pede.

940 3048 1077 3114 Nec
1122 3048 1423 3129 quaesita
1464 3053 1685 3115 tamen
1732 3048 1946 3130 spatio
1991 3048 2320 3130 patientia
2362 3046 2592 3130 longo
2603 3054 2720 3115 est

1030 3155 1345 3236 Mensque
1390 3155 1547 3221 mali
1591 3172 1849 3221 sensnm
1893 3160 2121 3221 nostra
2166 3155 2452 3221 recentis
2496 3154 2714 3219 habet.

940 3260 1206 3327 Scilicet
1253 3266 1323 3326 et
1367 3260 1629 3327 veteres
1673 3260 1940 3343 fugiunt
1983 3261 2140 3343 iuga
2184 3278 2380 3341 saepe
2424 3260 2700 3339 iuvenci,

1028 3368 1122 3433 Et
1166 3369 1447 3434 domitus
1489 3366 1673 3433 freno
1718 3385 1917 3448 saepe
1959 3371 2288 3450 repugnat
2332 3384 2550 3447 equus.
2597 3374 2602 3381 '

849 3493 906 3535 π
936 3474 1219 3540 Tristior
1262 3470 1365 3540 est
1410 3474 1608 3540 etiam
1654 3492 1963 3556 praesens
2009 3490 2322 3539 aerumna
2365 3472 2606 3553 priore:

1028 3581 1123 3647 Ut
1166 3580 1256 3645 sit
1302 3582 1472 3646 enim
1517 3580 1645 3646 sibi
1689 3600 1827 3663 par,
1876 3580 2087 3648 erevit
2133 3585 2202 3645 et
2249 3584 2446 3644 aucta
2490 3595 2671 3643 mora
2717 3582 2834 3643 est.

808 3830 918 3887 No.
936 3830 1029 3889 48.
1072 3832 1129 3887 4.
1174 3832 1233 3885 lu
1242 3848 1333 3955 eoa
1370 3830 1470 3885 das
1487 3831 1613 3900 (mit
1630 3832 1914 3900 Staeheln,
2107 3832 2198 3885 18.
2271 3830 2480 3899 tenuat]
2514 3826 2705 3883 maoht
2739 3830 2968 3882 diinner.

666 3901 759 3956 die
794 3902 903 3955 den
940 3901 1167 3962 Zsshnen
1414 3900 1557 3956 olfea
1592 3901 1914 3973 vergliehen
2105 3900 2204 3955 14.
2276 3899 2424 3970 terit]
2459 3898 2686 3955 schleift
2719 3899 2812 3953 ab.

668 3971 917 4035 werden,
956 3971 1277 4039 versehene)
1316 3971 1532 4037 Grebiss,
1580 3970 1797 4025 frenum
1832 3970 1916 4024 lu·
2106 3971 2198 4025 17.
2269 3968 2451 4038 lapsa]
2486 3967 2860 4023 oehleiehend.

666 4048 879 4165 patu?
926 4108 1080 4165 Inda
1117 4109 1301 4180 belua]
1340 4110 1441 4165 der
1474 4109 1719 4165 Elefant.
2103 4040 2198 4164 ff).
2262 4038 2812 4191 ἷεέσεέῗῖἀέιιιὲεῗᾷβη.

804 4180 861 4235 9.
934 4178 1329 4234 Konstruiere:
1382 4186 1590 4249 tenipus
1630 4166 1803 4247 facit,
1849 4186 1914 4238 ut
2103 4179 2194 4234 21.
2265 4180 2521 4245 quaesita
2555 4176 2654 4248 ost]
2701 4177 2796 4231 ioh
2832 4176 2981 4232 habe
3017 4167 3122 4231 mir
3158 4191 3237 4229 er·

665 4265 778 4305 uva
836 4250 1076 4304 oxum
1134 4251 1368 4311 racemis
1428 4256 1635 4304 tumeat
1692 4256 1746 4305 et
1804 4251 1912 4320 (ut)
1999 4249 2241 4304 worben.

662 4332 843 4389 yram
877 4334 1106 4385 mum,
1152 4320 1299 4385 quod
1347 4322 1505 4373 intus
1538 4319 1771 4387 habent,
1816 4321 1915 4373 υἰω
2103 4318 2196 4373 22.
2263 4317 2516 4386 recentes]
2569 4316 2731 4386 quasi
2783 4274 2994 4371 malum
3053 4332 3240 4371 recens

664 4391 907 4515 capam
924 4458 1207 4529 producit]
1241 4458 1601 4513 verwandelt.
1999 4395 2199 4514 wega.
2269 4457 2350 4526 ιιι]
2421 4454 2738 4526 konzeeeiv3
2769 4422 2778 4429 ·
2813 4462 3024 4527 gesetzt
3091 4455 3240 4555 anob

770 4527 858 4585 12.
930 4528 1109 4599 tristi]
1146 4544 1325 4582 saner.
1999 4527 2126 4583 dass.
