3684 5275
1456 442 1559 498 No.
1583 444 1618 497 ο
1655 442 1737 512 (11
1761 442 2045 512 aaz-118).
2951 447 3032 512 17

819 618 914 684 Et
957 616 1150 683 stetit
1191 616 1262 683 in
1306 635 1464 684 saxo
1508 617 1805 699 proxima
1850 635 2049 685 cerva
2092 617 2271 686 leae:

732 724 826 789 Et
867 723 1008 790 sine
1049 722 1172 789 lite
1214 723 1458 805 loquax
1503 742 1647 791 cum
1690 723 1988 791 Palladis
2032 723 2195 790 alite
2240 726 2464 793 cornix

821 830 1024 913 Sedit,
1068 835 1138 897 et
1182 829 1482 914 accipitri
1525 830 1754 898 iuncta
1797 830 2094 897 columba
2137 830 2285 901 fuit.

733 936 1016 1020 Cynthia
1059 954 1256 1018 saepe
1299 936 1432 1003 tuis
1476 935 1707 1021 fertur,
1753 936 2001 1005 vocalis
2045 936 2269 1022 Arion,

643 1070 699 1109 ιο
818 1043 1178 1124 Tamquam
1221 1042 1536 1109 fraternis
1581 1042 1975 1125 obstipuisse
2018 1044 2241 1110 modis.

731 1150 975 1217 Nomen
1020 1149 1359 1215 Arionium
1405 1148 1660 1216 Siculas
1702 1149 2100 1231 impleverat
2141 1151 2355 1235 urbe8‚

817 1257 1159 1340 Captaque
1203 1261 1350 1322 erat
1391 1255 1619 1337 lyricis
1665 1256 1947 1322 Ausonis
1992 1274 2109 1322 ora
2152 1257 2343 1323 sonis,

727 1364 891 1431 Inde
936 1364 1192 1430 domum
1234 1366 1538 1444 repetens
1581 1379 1862 1445 puppem
1907 1362 2283 1429 conscendit
2326 1364 2552 1450 Arion,

803 1471 1041 1551 -Atque
1082 1469 1184 1535 ita
1229 1468 1566 1549 quaesitas
1609 1472 1756 1534 arte
1800 1467 2063 1535 ferebat
2106 1486 2279 1550 opes,

639 1603 694 1643 ιι
723 1576 1053 1657 Forsitan,
1096 1574 1347 1654 infelix,
1391 1579 1624 1641 ventos
1667 1576 2005 1655 undasque
2048 1574 2353 1643 timebas:

815 1682 911 1749 At
933 1682 1081 1748 -tibi
1121 1700 1296 1749 nave
1340 1685 1460 1747 tua
1503 1680 1712 1747 tutius
1758 1698 2006 1761 aequor
2049 1685 2213 1748 erat.

728 1791 1024 1870 Namque
1068 1787 1470 1871 gubernator
1515 1786 1827 1854 destricto
1874 1786 2175 1854 constitit
2218 1805 2373 1855 ense

820 1896 1182 1977 Ceteraque
1226 1898 1485 1961 armata
1529 1894 1788 1960 conscia
1832 1893 2033 1960 turba
2077 1912 2288 1959 manu.

729 2004 900 2089 Quid
943 2003 1069 2069 tibi
1114 2021 1259 2069 cum
1303 2000 1523 2083 gladio
1537 2000 1570 2066 ⁴?
1638 2000 1903 2065 dubiam
1947 2018 2121 2083 rege,
2166 1999 2418 2085 navita,
2462 2005 2772 2085 puppem!

639 2135 696 2175 ιο
812 2112 959 2177 Νοιι
1001 2109 1166 2175 haec
1209 2111 1365 2174 sunt
1409 2106 1634 2190 digitis
1679 2124 1864 2173 arma
1906 2107 2192 2173 tenenda
2236 2106 2388 2172 tuis.

729 2217 869 2300 me,
913 2221 1094 2283 metu
1137 2214 1392 2297 viduus,
1437 2216 1728 2279 ‘mortem
1772 2231 1903 2279 non
1947 2212 2274 2294 deprecor’
2317 2212 2551 2299 inquit,

815 2322 964 2391 ‘Sed
1005 2323 1207 2389 liceat
1249 2326 1510 2403 sumpta
1553 2337 1765 2402 pauca
1807 2317 2058 2386 referre
2100 2319 2284 2402 lyra!

726 2431 912 2498 Dant
956 2429 1232 2511 veniam,
1278 2428 1626 2507 ridentque
1669 2443 1934 2492 moram.
2004 2426 2183 2507 capit
2226 2424 2341 2493 ille
2386 2434 2705 2513 coronam,

817 2537 1001 2621 Quae
1043 2535 1250 2617 possit
1293 2534 1522 2617 crines,
1566 2532 1848 2615 Phoebe,
1893 2533 2124 2599 decere
2166 2536 2344 2599 tuos:

640 2669 694 2710 ιε
725 2645 1044 2710 Induerat
1086 2641 1287 2726 Tyrio
1330 2642 1436 2708 bis
1477 2641 1756 2706 tinctam
1799 2640 2045 2705 murice
2087 2639 2367 2721 pallam:

815 2749 1128 2816 Reddidit
1170 2749 1310 2814 icta
1351 2765 1502 2814 suos
1546 2746 1781 2829 poHice
1825 2746 2071 2812 chorda
2114 2763 2334 2812 sonos:

728 2855 1090 2922 Flebilibus
1133 2855 1418 2920 numeris
1461 2852 1673 2922 veluti
1717 2850 2025 2918 canentia
2068 2851 2237 2917 dura

816 2960 1161 3027 Traiectus
1203 2959 1406 3041 pinna
1449 2965 1746 3040 tempora
1791 2960 2021 3023 cantat
2065 2955 2220 3022 olor.

729 3067 1039 3134 Protinus
1081 3066 1152 3131 in
1198 3065 1444 3132 medias
1487 3069 1758 3130 ornatus
1803 3063 2027 3130 desilit
2068 3064 2295 3148 undas,

638 3193 695 3235 so
813 3173 1168 3256 Spargitur
1208 3172 1490 3254 impulsa
1534 3171 1799 3236 caerula
1841 3169 2078 3252 puppis
2122 3188 2311 3250 aqua.

725 3280 889 3346 Inde
932 3315 1018 3326 —
1066 3278 1209 3366 fide,
1238 3278 1448 3345 maius
1493 3313 1583 3323 --
1626 3280 1814 3360 tergo
1861 3276 2171 3358 delphina
2212 3293 2487 3344 recurvo

815 3387 901 3453 Se
945 3390 1306 3480 memorant
1351 3384 1535 3451 oneri
1579 3383 1990 3466 subposuisse
2034 3400 2219 3450 novo,

726 3493 850 3558 Ille
894 3494 1126 3559 sedens
1171 3491 1621 3571 citharamque
1665 3493 1867 3572 tenet,
1911 3488 2323 3571 pretiumque
2367 3490 2665 3576 vehendi,

814 3599 1060 3666 cantat
1104 3603 1175 3664 et
1218 3615 1577 3678 aequoreas
1623 3596 1910 3661 carmine
1952 3596 2197 3661 mulcet
2240 3613 2463 3676 aquas.

636 3731 691 3771 aa
721 3705 810 3772 Di
853 3705 966 3786 pia
1009 3703 1194 3772 facta
1237 3705 1497 3770 vident:
1544 3705 1742 3768 astris
1787 3701 2100 3783 delphina
2141 3701 2396 3783 recepit

812 3811 1114 3893 Iuppiter
1158 3816 1227 3877 et
1270 3810 1502 3876 stellas
1545 3809 1740 3875 iussit
1781 3809 2027 3874 habere
2070 3825 2321 3874 novem.

601 4012 654 4067 7.
722 4011 986 4067 Palladis
1019 4009 1172 4080 alite]
1206 4009 1307 4064 det
1340 4009 1498 4064 Eule.
1923 4007 2015 4064 25.
2084 4021 2274 4062 murem
2325 4004 2443 4059 Pur
2482 4023 2579 4076 ur;
2614 4007 2957 4090 eigenflich?

562 4081 654 4135 10.
723 4081 916 4150 modis]
951 4079 1249 4134 Mclodien.
1923 4077 2016 4132 26.
2076 4075 2281 4130 chorda
2311 4075 2460 4130 kolle
2502 4077 3025 4134 tivzimDeutschen

566 4150 654 4205 14.
725 4150 1031 4220 quaesitae]
1069 4149 1441 4204 erworbcnen.
1784 4145 1885 4200 der
1918 4144 2129 4199 Plural.

463 4259 475 4268 .
563 4220 654 4275 18.
725 4221 966 4359 conscia}
999 4219 1503 4272 mitverschworen.
1920 4217 1987 4270 27
2004 4215 2052 4271 f.
2122 4213 2515 4270 Konstruiere:
2564 4215 2737 4272 ueluti
2778 4216 2893 4272 olor
2934 4225 3024 4272 σᾶ-

564 4289 651 4346 19.
725 4290 948 4344 dubiam
1001 4287 1360 4343 schaukclnd.
1940 4291 2292 4422 amaporap
2302 4285 2505 4352 (accus.
2542 4285 2642 4340 der
2676 4286 3023 4372 Beziehung)

561 4357 653 4415 21.
721 4365 944 4414 mortem
964 4373 1077 4414 non
1100 4357 1378 4428 deprecor]
1418 4356 1513 4411 ich
1553 4355 1698 4412 bitte
1784 4357 2051 4410 traiectus
2124 4369 2235 4407 ura
2294 4354 2435 4408 imm
2461 4354 2660 4424 (durch
2683 4356 3025 4426 Metonymie

459 4425 616 4480 nicht
650 4445 744 4482 um
780 4429 928 4482 mein
963 4427 1172 4483 Leben.
1908 4423 2255 4493 mmmm
2183 4357 2483 4490 flebilibus(
2504 4428 2746 4483 numeris
2789 4426 2869 4494 (in
2904 4426 3025 4482 kls-

457 4496 666 4635 Ι5111826211
714 4513 906 4567 pauca
926 4497 1152 4566 referre]
1188 4497 1278 4550 ein
1319 4495 1514 4550 kur-zea
1553 4494 1696 4548 Lied
1783 4494 2000 4564 genden
2038 4491 2289 4561 Weisen)
2326 4499 2533 4548 cantat.

545 4669 782 4720 1³1·th
808 4671 1026 4712 nono-tue
1025 4671 1085 4711 ιω
1169 4670 1353 4712 nond.
2643 4649 2677 4704 2
