3684 5275
1454 417 1557 475 No.
1585 419 1650 475 12
1685 420 1800 490 (111
1825 422 2141 493 179—230).
2754 460 2761 467 -
2998 428 3079 495 31

872 592 1185 677 Devorat‚
1232 600 1302 661 et
1345 594 1633 662 clausum
1677 600 1943 677 pectore
1986 599 2219 665 volnus
2262 600 2483 667 habet.

782 699 979 767 Flere
1021 700 1241 782 palam
1283 720 1412 768 non
1455 703 1618 785 volt,
1662 703 2087 786 exemplaque
2130 703 2335 771 fortia
2376 711 2619 790 servat,

694 834 750 874 ιο
869 806 1136 887 ‘Sic’que
1181 807 1372 874 ‘meos
1415 826 1634 875 muros
1677 814 1979 877 transeat
2020 810 2243 877 hostis’
2290 813 2405 879 ait.

783 913 920 980 Dat
961 918 1184 979 tamen
1229 915 1572 997 exequias3
1616 934 1738 983 nec
1782 918 1913 981 iam
1958 918 2351 999 suspendere
2393 918 2619 985 fletum

867 1019 1184 1103 Sustinet,
1227 1024 1298 1087 et
1341 1021 1558 1103 pietas
1601 1022 2013 1089 dissimulata
2056 1029 2270 1105 patet;

781 1125 1148 1207 Osculaque
1191 1126 1510 1209 adplicuit
1555 1128 1766 1209 posito
1813 1146 2115 1210 suprema
2156 1128 2423 1215 feretro,

869 1233 1093 1314 Atque
1138 1233 1236 1298 ait
1281 1233 1509 1300 ‘invito
1556 1233 1769 1300 frater
1812 1236 2131 1319 adempte,
2176 1236 2328 1303 vale
2342 1238 2376 1301 Ρ

690 1364 746 1405 ω
776 1339 1186 1419 Arsurosque
1232 1344 1417 1405 artus
1461 1341 1668 1406 unxit.
1735 1340 1970 1423 fecere,
2016 1343 2187 1422 quod
2230 1343 2361 1425 ille,

867 1444 1228 1512 Faustulus
1275 1450 1343 1511 et
1387 1450 1672 1513 maestas
1717 1447 1899 1513 Acca
1942 1447 2160 1515 soluta
2200 1467 2433 1515 comas.

779 1552 946 1617 Tum
990 1552 1293 1619 iuvenem
1337 1553 1620 1617 nondum
1664 1551 1829 1620 facti
1875 1553 2119 1621 flevere
2162 1554 2469 1638 Quirites.

867 1657 1120 1727 Ultima
1163 1658 1420 1740 plorato
1465 1658 1730 1725 subdita
1772 1659 2035 1726 flamma
2077 1678 2235 1744 rogo
2282 1665 2401 1728 est.

777 1765 954 1832 Urbs
1000 1765 1212 1832 oritur
1253 1801 1344 1811 —
1388 1766 1534 1845 quis
1576 1770 1736 1831 tunc
1780 1766 1903 1832 hoc
1946 1766 2067 1831 ulli
2112 1768 2375 1833 credere
2420 1766 2685 1849 posset?
2731 1804 2817 1814 —

691 1898 746 1937 ω
864 1871 1196 1937 Victorem
1241 1872 1439 1937 terris
1482 1872 1869 1954 impositura
1910 1874 2155 1953 pedem.

1383 2095 1496 2165 κο.
1530 2099 1598 2168 12
1645 2098 1780 2184 (ΠΙ
1814 2097 2213 2184 179—230).

511 2255 662 2323 Der
703 2255 906 2323 Raub
952 2253 1082 2322 der
1125 2252 1656 2323 Sabinerlnnen
1699 2257 1848 2323 und
1893 2257 2009 2324 die
2053 2256 2529 2339 Herstellung
2572 2258 2695 2325 des
2740 2258 3081 2325 Friedens

1204 2358 1435 2427 durch
1479 2359 1598 2427 die
1639 2360 2040 2441 geraubten
2082 2358 2387 2428 Frauen.

774 2516 1017 2584 ‘Parva
1061 2516 1208 2599 fuit,
1253 2516 1313 2583 si
1355 2516 1567 2598 prima
1611 2516 1780 2584 velis
1824 2518 2149 2583 elementa
2193 2517 2462 2601 referre,

862 2623 1102 2690 Roma:
1147 2624 1262 2690 sed
1305 2623 1377 2690 in
1421 2643 1634 2705 parva
1677 2643 1826 2706 spes
1872 2629 2094 2690 tamen
2139 2624 2332 2690 huius
2378 2628 2542 2691 erat.

772 2729 1035 2796 Moenia
1077 2730 1210 2796 iam
1252 2732 1544 2814 stabant,
1588 2731 1847 2813 populis
1894 2734 2179 2814 angusta
2224 2730 2483 2814 futuris,

863 2835 1130 2902 Credita
1173 2838 1288 2902 sed
1333 2838 1570 2903 turbae
1613 2843 1774 2902 tnnc
1818 2836 2013 2902 nimis
2058 2835 2279 2918 ampla
2320 2855 2497 2903 suae.

716 2965 743 3005 ε
775 2939 959 3025 Quae
1004 2940 1208 3007 fuerit
1251 2943 1480 3025 nostri,
1525 2943 1584 3008 si
1629 2942 1910 3024 quaeris,
1955 2943 2143 3025 regia
2186 2943 2351 3026 nati,

863 3047 1105 3130 Aspice
1151 3049 1232 3113 de
1277 3067 1489 3114 canna
1533 3047 2084 3130 straminibusque
2129 3049 2401 3116 domum.

771 3153 1146 3252 In0stipula
1188 3155 1434 3237 placidi
1478 3156 1797 3237 carpebat
1838 3173 2113 3222 munera
2155 3156 2379 3240 somni,

860 3261 954 3328 Et
997 3265 1220 3328 tamen
1266 3279 1348 3328 ex
1390 3261 1506 3328 illo
1551 3261 1738 3330 venit
1779 3261 1849 3327 in
1897 3268 2083 3328 astra
2125 3265 2288 3329 toro.

775 3367 1045 3449 Iamque
1086 3369 1229 3435 loco
1272 3368 1482 3434 maius
1527 3387 1760 3436 nomen
1804 3368 2135 3435 Romanus
2179 3369 2487 3452 habebat,

688 3500 743 3539 ιο
859 3474 998 3542 Nec
1043 3475 1321 3541 coniunx
1363 3475 1482 3558 illi,
1525 3493 1648 3541 nec
1693 3493 1878 3542 socer
1919 3475 2092 3541 ullus
2138 3480 2301 3541 erat.

775 3580 1186 3663 Spernebant
1230 3599 1504 3665 generos
1547 3583 1772 3663 inopes
1816 3582 2063 3649 vicinia
2108 3581 2309 3664 dives,

863 3689 958 3754 Et
1000 3688 1172 3755 male
1216 3689 1534 3754 credebar
1576 3689 1917 3770 sanguinis
1963 3691 2195 3754 auctor
2239 3705 2378 3770 ego.

773 3795 854 3862 In
897 3795 1177 3862 stabulis
1223 3795 1561 3861 habitasse
1605 3799 1677 3860 et
1719 3813 1879 3862 oves
1924 3794 2188 3876 pavisse
2228 3794 2525 3877 nocebat,

861 3901 1230 3983 Iugeraque
1273 3901 1511 3967 inculti
1553 3920 1766 3984 pauca
1811 3907 2041 3966 tenere
2085 3900 2223 3967 soli.

645 4065 736 4122 42.
799 4067 1008 4136 pietas]
1043 4066 1403 4120 brudei-licha
1439 4066 1632 4120 Liebe.
1979 4065 2037 4120 2.
2108 4065 2293 4134 huius]
2328 4065 2426 4117 das
2463 4065 2692 4148 heutige
2726 4063 2886 4120 Rom.

643 4135 734 4192 48.
803 4137 1021 4207 ultima]
1081 4135 1366 4191 iibenetze
1419 4135 1502 4190 als
1536 4134 1751 4189 Adver-
1977 4134 2034 4191 5.
2105 4133 2217 4188 Die
2250 4149 2387 4190 casa
2420 4133 2643 4189 Romul·
2675 4133 2779 4191 auf
2808 4136 2934 4189 dem
2967 4134 3074 4189 Pa·

505 4203 676 4258 bium.
1837 4203 1977 4257 latin
2014 4206 2088 4257 ist
2121 4203 2383 4274 gemeint.

643 4274 752 4331 No.
789 4275 881 4331 12.
952 4275 1008 4331 1.
1079 4275 1232 4344 velis]
1245 4274 1344 4328 der
1355 4274 1593 4330 Dichter
1611 4273 1749 4327 wird
1944 4274 2033 4329 11.
2161 4274 2427 4328 emebant
2451 4289 2677 4344 amoma
2724 4273 3074 4327 verschmflh-

507 4345 826 4415 anget-edet.
897 4344 1047 4398 Mars
1093 4343 1316 4398 belehi-t
1362 4345 1461 4398 ihn
1475 4383 1491 4410 ,
1539 4361 1748 4397 warum
1837 4347 1932 4396 ten
1950 4341 2033 4396 als
2050 4342 2121 4398 Sc
2168 4342 2558 4414 wiegersiihne,
2579 4359 2665 4398 wo
2710 4349 2803 4397 ten
2818 4343 2901 4396 nie
2918 4342 3076 4399 nieht

507 4429 636 4467 man
658 4429 750 4468 am
778 4415 824 4468 1.
843 4413 997 4468 ΜΕΝ
1020 4413 1122 4467 das
1139 4413 1272 4467 Fest
1294 4413 1392 4467 der
1407 4413 1748 4468 Matronalia
1833 4429 1907 4466 zu
1942 4411 2467 4482 Schwiegersohnon
2505 4413 2709 4468 haben.

507 4481 694 4538 feiert:
725 4483 810 4538 als
833 4491 1014 4538 ersten
1039 4482 1238 4538 Grund
1262 4482 1426 4538 dafur
1449 4482 1663 4537 erzsshlt
1686 4499 1748 4536 er
1940 4481 2031 4538 12.
2100 4481 2261 4551 male]
2296 4482 2454 4536 nicht
2486 4481 2663 4537 recht.

507 4549 602 4605 die
633 4567 746 4606 nun
781 4551 1044 4624 folgende
1078 4553 1436 4609 Geschichte.
