<?xml version="1.0" encoding="UTF-8"?>
<!DOCTYPE html PUBLIC "-//W3C//DTD XHTML 1.0 Transitional//EN"
    "http://www.w3.org/TR/xhtml1/DTD/xhtml1-transitional.dtd">
<html xmlns="http://www.w3.org/1999/xhtml" xml:lang="en" lang="en">
 <head>
  <title>
</title>
<meta http-equiv="Content-Type" content="text/html;charset=utf-8" />
  <meta name='ocr-system' content='tesseract 3.04.00' />
  <meta name='ocr-capabilities' content='ocr_page ocr_carea ocr_par ocr_line ocrx_word'/>
</head>
<body>
  <div class='ocr_page' id='page_1' title='image "./fastitristiaepi00brangoog_0095.png"; bbox 0 0 3684 5275; ppageno 0'>
   <div class='ocr_carea' id='block_1_1' title="bbox 1578 413 3098 484">
    <p class='ocr_par' dir='ltr' id='par_1_1' title="bbox 1578 413 3098 484">
     <span class='ocr_line' id='line_1_1' title="bbox 1578 413 3098 484; baseline -0.001 -15"><span class='ocrx_word' id='word_1_1' title='bbox 1578 413 1680 469; x_wconf 76' lang='lat' dir='ltr'><strong>No.</strong></span> <span class='ocrx_word' id='word_1_2' title='bbox 1706 414 1773 469; x_wconf 79' lang='lat'><strong>35</strong></span> <span class='ocrx_word' id='word_1_3' title='bbox 1812 417 1904 484; x_wconf 68' lang='lat' dir='ltr'><strong>(tr.</strong></span> <span class='ocrx_word' id='word_1_4' title='bbox 1927 415 1958 468; x_wconf 94' lang='lat'>1</span> <span class='ocrx_word' id='word_1_5' title='bbox 1982 415 2055 484; x_wconf 86' lang='lat'><strong>9).</strong></span> <span class='ocrx_word' id='word_1_6' title='bbox 3013 415 3098 482; x_wconf 81' lang='lat'><strong>83</strong></span> 
     </span>
    </p>
   </div>
   <div class='ocr_carea' id='block_1_2' title="bbox 702 581 2792 3221">
    <p class='ocr_par' dir='ltr' id='par_1_2' title="bbox 702 581 2792 3221">
     <span class='ocr_line' id='line_1_2' title="bbox 796 581 2553 672; baseline 0.002 -19"><span class='ocrx_word' id='word_1_7' title='bbox 796 587 1055 654; x_wconf 88' lang='lat' dir='ltr'><strong>Horrea</strong></span> <span class='ocrx_word' id='word_1_8' title='bbox 1098 585 1409 655; x_wconf 77' lang='lat' dir='ltr'><strong>formicae</strong></span> <span class='ocrx_word' id='word_1_9' title='bbox 1453 590 1736 656; x_wconf 87' lang='lat' dir='ltr'><strong>tendunt</strong></span> <span class='ocrx_word' id='word_1_10' title='bbox 1778 592 1866 656; x_wconf 86' lang='lat' dir='ltr'><strong>ad</strong></span> <span class='ocrx_word' id='word_1_11' title='bbox 1908 581 2134 656; x_wconf 84' lang='lat' dir='ltr'><strong>inania</strong></span> <span class='ocrx_word' id='word_1_12' title='bbox 2176 608 2553 672; x_wconf 79' lang='lat' dir='ltr'><strong>numquam:</strong></span> 
     </span>
     <span class='ocr_line' id='line_1_3' title="bbox 711 693 2244 778; baseline 0.002 -19"><span class='ocrx_word' id='word_1_13' title='bbox 711 719 765 760; x_wconf 84' lang='grc' dir='ltr'><strong>ιο</strong></span> <span class='ocrx_word' id='word_1_14' title='bbox 883 693 1117 760; x_wconf 89' lang='lat' dir='ltr'><strong>Nullus</strong></span> <span class='ocrx_word' id='word_1_15' title='bbox 1160 694 1249 760; x_wconf 87' lang='lat' dir='ltr'><strong>ad</strong></span> <span class='ocrx_word' id='word_1_16' title='bbox 1293 695 1567 762; x_wconf 85' lang='lat' dir='ltr'><strong>amissas</strong></span> <span class='ocrx_word' id='word_1_17' title='bbox 1608 695 1738 762; x_wconf 87' lang='lat' dir='ltr'><strong>ibit</strong></span> <span class='ocrx_word' id='word_1_18' title='bbox 1782 696 2030 764; x_wconf 86' lang='lat' dir='ltr'><strong>amicus</strong></span> <span class='ocrx_word' id='word_1_19' title='bbox 2073 714 2244 778; x_wconf 86' lang='lat' dir='ltr'><strong>opes.</strong></span> 
     </span>
     <span class='ocr_line' id='line_1_4' title="bbox 799 799 2690 886; baseline 0.001 -19"><span class='ocrx_word' id='word_1_20' title='bbox 799 800 1019 880; x_wconf 86' lang='lat' dir='ltr'><strong>thue</strong></span> <span class='ocrx_word' id='word_1_21' title='bbox 1062 817 1272 867; x_wconf 88' lang='lat' dir='ltr'><strong>comes</strong></span> <span class='ocrx_word' id='word_1_22' title='bbox 1316 799 1537 866; x_wconf 80' lang='lat' dir='ltr'><strong>radios</strong></span> <span class='ocrx_word' id='word_1_23' title='bbox 1581 819 1701 883; x_wconf 92' lang='lat' dir='ltr'><strong>per</strong></span> <span class='ocrx_word' id='word_1_24' title='bbox 1743 802 1900 870; x_wconf 88' lang='lat' dir='ltr'><strong>solis</strong></span> <span class='ocrx_word' id='word_1_25' title='bbox 1945 803 2250 869; x_wconf 82' lang='lat' dir='ltr'><strong>euntibus</strong></span> <span class='ocrx_word' id='word_1_26' title='bbox 2294 804 2526 869; x_wconf 86' lang='lat' dir='ltr'><strong>umbra</strong></span> <span class='ocrx_word' id='word_1_27' title='bbox 2571 806 2690 886; x_wconf 88' lang='lat' dir='ltr'><strong>est,</strong></span> 
     </span>
     <span class='ocr_line' id='line_1_5' title="bbox 922 905 2491 993; baseline 0.003 -22"><span class='ocrx_word' id='word_1_28' title='bbox 922 905 1081 972; x_wconf 83' lang='lat' dir='ltr'><strong>Cum</strong></span> <span class='ocrx_word' id='word_1_29' title='bbox 1121 907 1296 972; x_wconf 87' lang='lat' dir='ltr'><strong>latet</strong></span> <span class='ocrx_word' id='word_1_30' title='bbox 1337 906 1447 973; x_wconf 90' lang='lat' dir='ltr'><strong>hic</strong></span> <span class='ocrx_word' id='word_1_31' title='bbox 1489 925 1751 989; x_wconf 85' lang='lat' dir='ltr'><strong>pressus</strong></span> <span class='ocrx_word' id='word_1_32' title='bbox 1794 909 2095 993; x_wconf 89' lang='lat' dir='ltr'><strong>nubibus,</strong></span> <span class='ocrx_word' id='word_1_33' title='bbox 2137 908 2257 976; x_wconf 88' lang='lat' dir='ltr'><strong>illa</strong></span> <span class='ocrx_word' id='word_1_34' title='bbox 2299 908 2491 992; x_wconf 78' lang='lat' dir='ltr'><strong>fugit,</strong></span> 
     </span>
     <span class='ocr_line' id='line_1_6' title="bbox 797 1011 2496 1097; baseline 0.001 -19"><span class='ocrx_word' id='word_1_35' title='bbox 797 1011 1037 1078; x_wconf 76' lang='lat' dir='ltr'><strong>Mobile</strong></span> <span class='ocrx_word' id='word_1_36' title='bbox 1081 1012 1177 1078; x_wconf 91' lang='lat' dir='ltr'><strong>sic</strong></span> <span class='ocrx_word' id='word_1_37' title='bbox 1220 1011 1519 1094; x_wconf 90' lang='lat' dir='ltr'><strong>sequitur</strong></span> <span class='ocrx_word' id='word_1_38' title='bbox 1559 1013 1900 1081; x_wconf 79' lang='lat' dir='ltr'>Fortunae</span> <span class='ocrx_word' id='word_1_39' title='bbox 1943 1013 2192 1081; x_wconf 87' lang='lat' dir='ltr'><strong>lumina</strong></span> <span class='ocrx_word' id='word_1_40' title='bbox 2233 1015 2496 1097; x_wconf 76' lang='lat' dir='ltr'><strong>vulgus:</strong></span> 
     </span>
     <span class='ocr_line' id='line_1_7' title="bbox 884 1117 2426 1205; baseline 0.002 -22"><span class='ocrx_word' id='word_1_41' title='bbox 884 1117 1070 1202; x_wconf 82' lang='lat' dir='ltr'><strong>Quae</strong></span> <span class='ocrx_word' id='word_1_42' title='bbox 1114 1118 1309 1184; x_wconf 90' lang='lat' dir='ltr'><strong>simul</strong></span> <span class='ocrx_word' id='word_1_43' title='bbox 1352 1119 1624 1185; x_wconf 87' lang='lat' dir='ltr'><strong>inducta</strong></span> <span class='ocrx_word' id='word_1_44' title='bbox 1668 1120 1841 1187; x_wconf 90' lang='lat' dir='ltr'><strong>nube</strong></span> <span class='ocrx_word' id='word_1_45' title='bbox 1885 1125 2220 1205; x_wconf 76' lang='lat' dir='ltr'><strong>teguntur,</strong></span> <span class='ocrx_word' id='word_1_46' title='bbox 2265 1120 2426 1188; x_wconf 88' lang='lat' dir='ltr'><strong>abit.</strong></span> 
     </span>
     <span class='ocr_line' id='line_1_8' title="bbox 710 1225 2634 1309; baseline 0.001 -19"><span class='ocrx_word' id='word_1_47' title='bbox 710 1251 765 1292; x_wconf 69' lang='grc' dir='ltr'><strong>ιο</strong></span> <span class='ocrx_word' id='word_1_48' title='bbox 793 1225 977 1291; x_wconf 86' lang='lat' dir='ltr'><strong>Haec</strong></span> <span class='ocrx_word' id='word_1_49' title='bbox 1021 1243 1252 1307; x_wconf 78' lang='lat' dir='ltr'><strong>precor</strong></span> <span class='ocrx_word' id='word_1_50' title='bbox 1296 1230 1373 1291; x_wconf 88' lang='lat' dir='ltr'><strong>ut</strong></span> <span class='ocrx_word' id='word_1_51' title='bbox 1416 1243 1671 1307; x_wconf 87' lang='lat' dir='ltr'><strong>semper</strong></span> <span class='ocrx_word' id='word_1_52' title='bbox 1712 1227 1965 1309; x_wconf 79' lang='lat' dir='ltr'><strong>possint</strong></span> <span class='ocrx_word' id='word_1_53' title='bbox 2007 1226 2136 1292; x_wconf 91' lang='lat' dir='ltr'><strong>tibi</strong></span> <span class='ocrx_word' id='word_1_54' title='bbox 2178 1225 2353 1294; x_wconf 82' lang='lat' dir='ltr'><strong>falsa</strong></span> <span class='ocrx_word' id='word_1_55' title='bbox 2395 1227 2634 1308; x_wconf 80' lang='lat' dir='ltr'><strong>videri3</strong></span> 
     </span>
     <span class='ocr_line' id='line_1_9' title="bbox 881 1331 2331 1400; baseline 0.001 -2"><span class='ocrx_word' id='word_1_56' title='bbox 881 1331 1051 1398; x_wconf 89' lang='lat' dir='ltr'><strong>Sunt</strong></span> <span class='ocrx_word' id='word_1_57' title='bbox 1094 1336 1315 1397; x_wconf 87' lang='lat' dir='ltr'><strong>tamen</strong></span> <span class='ocrx_word' id='word_1_58' title='bbox 1362 1337 1605 1398; x_wconf 86' lang='lat' dir='ltr'><strong>eventu</strong></span> <span class='ocrx_word' id='word_1_59' title='bbox 1648 1349 1813 1399; x_wconf 84' lang='lat' dir='ltr'><strong>vera</strong></span> <span class='ocrx_word' id='word_1_60' title='bbox 1856 1333 2130 1400; x_wconf 81' lang='lat' dir='ltr'><strong>fatenda</strong></span> <span class='ocrx_word' id='word_1_61' title='bbox 2171 1351 2331 1400; x_wconf 88' lang='lat' dir='ltr'><strong>meo.</strong></span> 
     </span>
     <span class='ocr_line' id='line_1_10' title="bbox 792 1437 2754 1524; baseline 0.001 -21"><span class='ocrx_word' id='word_1_62' title='bbox 792 1437 965 1503; x_wconf 90' lang='lat' dir='ltr'><strong>Dum</strong></span> <span class='ocrx_word' id='word_1_63' title='bbox 1010 1437 1327 1521; x_wconf 88' lang='lat' dir='ltr'><strong>stetimus,</strong></span> <span class='ocrx_word' id='word_1_64' title='bbox 1374 1439 1611 1505; x_wconf 88' lang='lat' dir='ltr'><strong>turbae</strong></span> <span class='ocrx_word' id='word_1_65' title='bbox 1655 1444 1972 1519; x_wconf 85' lang='lat' dir='ltr'><strong>quantum</strong></span> <span class='ocrx_word' id='word_1_66' title='bbox 2016 1439 2182 1506; x_wconf 88' lang='lat' dir='ltr'><strong>satis</strong></span> <span class='ocrx_word' id='word_1_67' title='bbox 2225 1443 2416 1524; x_wconf 89' lang='lat' dir='ltr'><strong>esset,</strong></span> <span class='ocrx_word' id='word_1_68' title='bbox 2461 1439 2754 1506; x_wconf 86' lang='lat' dir='ltr'><strong>h&#39;abebat</strong></span> 
     </span>
     <span class='ocr_line' id='line_1_11' title="bbox 882 1543 2390 1624; baseline 0.001 -15"><span class='ocrx_word' id='word_1_69' title='bbox 882 1543 1057 1610; x_wconf 87' lang='lat' dir='ltr'><strong>Nota</strong></span> <span class='ocrx_word' id='word_1_70' title='bbox 1103 1543 1379 1624; x_wconf 88' lang='lat' dir='ltr'><strong>quidem,</strong></span> <span class='ocrx_word' id='word_1_71' title='bbox 1423 1545 1539 1611; x_wconf 87' lang='lat' dir='ltr'><strong>sed</strong></span> <span class='ocrx_word' id='word_1_72' title='bbox 1582 1562 1711 1612; x_wconf 91' lang='lat' dir='ltr'><strong>non</strong></span> <span class='ocrx_word' id='word_1_73' title='bbox 1756 1545 2106 1613; x_wconf 88' lang='lat' dir='ltr'><strong>ambitiosa</strong></span> <span class='ocrx_word' id='word_1_74' title='bbox 2151 1547 2390 1612; x_wconf 89' lang='lat' dir='ltr'><strong>domus.</strong></span> 
     </span>
     <span class='ocr_line' id='line_1_12' title="bbox 793 1635 2498 1734; baseline 0.001 -18"><span class='ocrx_word' id='word_1_75' title='bbox 793 1635 888 1716; x_wconf 85' lang='lat' dir='ltr'><strong>At</strong></span> <span class='ocrx_word' id='word_1_76' title='bbox 931 1648 1124 1716; x_wconf 90' lang='lat' dir='ltr'><strong>simul</strong></span> <span class='ocrx_word' id='word_1_77' title='bbox 1166 1650 1450 1731; x_wconf 87' lang='lat' dir='ltr'><strong>impulsa</strong></span> <span class='ocrx_word' id='word_1_78' title='bbox 1493 1655 1611 1734; x_wconf 89' lang='lat' dir='ltr'><strong>est,</strong></span> <span class='ocrx_word' id='word_1_79' title='bbox 1657 1668 1878 1718; x_wconf 91' lang='lat' dir='ltr'><strong>omnes</strong></span> <span class='ocrx_word' id='word_1_80' title='bbox 1920 1651 2198 1717; x_wconf 79' lang='lat' dir='ltr'><strong>timuere</strong></span> <span class='ocrx_word' id='word_1_81' title='bbox 2241 1651 2498 1718; x_wconf 79' lang='lat' dir='ltr'><strong>ruinam</strong></span> 
     </span>
     <span class='ocr_line' id='line_1_13' title="bbox 704 1755 2538 1840; baseline 0.002 -19"><span class='ocrx_word' id='word_1_82' title='bbox 704 1781 759 1821; x_wconf 72' lang='lat'><strong>20</strong></span> <span class='ocrx_word' id='word_1_83' title='bbox 880 1755 1217 1836; x_wconf 77' lang='lat' dir='ltr'><strong>Cautaque</strong></span> <span class='ocrx_word' id='word_1_84' title='bbox 1261 1756 1581 1822; x_wconf 86' lang='lat' dir='ltr'><strong>communi</strong></span> <span class='ocrx_word' id='word_1_85' title='bbox 1622 1759 1817 1840; x_wconf 80' lang='lat' dir='ltr'><strong>terga</strong></span> <span class='ocrx_word' id='word_1_86' title='bbox 1861 1758 2098 1824; x_wconf 82' lang='lat' dir='ltr'><strong>dedere</strong></span> <span class='ocrx_word' id='word_1_87' title='bbox 2141 1755 2358 1840; x_wconf 77' lang='lat' dir='ltr'><strong>fugae.</strong></span> <span class='ocrx_word' id='word_1_88' title='bbox 2533 1779 2538 1784; x_wconf 86' lang='lat'><strong>·</strong></span> 
     </span>
     <span class='ocr_line' id='line_1_14' title="bbox 792 1861 2690 1946; baseline 0 -18"><span class='ocrx_word' id='word_1_89' title='bbox 792 1861 1005 1929; x_wconf 84' lang='lat' dir='ltr'><strong>Saeva</strong></span> <span class='ocrx_word' id='word_1_90' title='bbox 1052 1880 1263 1943; x_wconf 89' lang='lat' dir='ltr'><strong>neque</strong></span> <span class='ocrx_word' id='word_1_91' title='bbox 1306 1862 1593 1929; x_wconf 86' lang='lat' dir='ltr'><strong>admiror</strong></span> <span class='ocrx_word' id='word_1_92' title='bbox 1634 1868 1938 1930; x_wconf 88' lang='lat' dir='ltr'><strong>metuunt</strong></span> <span class='ocrx_word' id='word_1_93' title='bbox 1980 1863 2038 1930; x_wconf 90' lang='lat' dir='ltr'><strong>si</strong></span> <span class='ocrx_word' id='word_1_94' title='bbox 2082 1861 2374 1946; x_wconf 81' lang='lat' dir='ltr'><strong>fulmina,</strong></span> <span class='ocrx_word' id='word_1_95' title='bbox 2419 1880 2690 1943; x_wconf 90' lang='lat' dir='ltr'><strong>quorum</strong></span> 
     </span>
     <span class='ocr_line' id='line_1_15' title="bbox 882 1967 2390 2060; baseline 0 -26"><span class='ocrx_word' id='word_1_96' title='bbox 882 1968 1155 2050; x_wconf 81' lang='lat' dir='ltr'><strong>Ignibus</strong></span> <span class='ocrx_word' id='word_1_97' title='bbox 1201 1967 1435 2034; x_wconf 84' lang='lat' dir='ltr'><strong>adflari</strong></span> <span class='ocrx_word' id='word_1_98' title='bbox 1477 1968 1775 2050; x_wconf 86' lang='lat' dir='ltr'><strong>proxima</strong></span> <span class='ocrx_word' id='word_1_99' title='bbox 1819 1988 2117 2060; x_wconf 83' lang='lat' dir='ltr'><strong>quaeque</strong></span> <span class='ocrx_word' id='word_1_100' title='bbox 2160 1969 2390 2035; x_wconf 82' lang='lat' dir='ltr'><strong>solent.</strong></span> 
     </span>
     <span class='ocr_line' id='line_1_16' title="bbox 790 2073 2578 2142; baseline -0.001 -2"><span class='ocrx_word' id='word_1_101' title='bbox 790 2073 921 2140; x_wconf 85' lang='lat' dir='ltr'><strong>Sed</strong></span> <span class='ocrx_word' id='word_1_102' title='bbox 964 2079 1185 2140; x_wconf 87' lang='lat' dir='ltr'><strong>tamen</strong></span> <span class='ocrx_word' id='word_1_103' title='bbox 1229 2075 1299 2141; x_wconf 92' lang='lat' dir='ltr'><strong>in</strong></span> <span class='ocrx_word' id='word_1_104' title='bbox 1346 2075 1526 2140; x_wconf 87' lang='lat' dir='ltr'><strong>duris</strong></span> <span class='ocrx_word' id='word_1_105' title='bbox 1570 2080 2014 2142; x_wconf 79' lang='lat' dir='ltr'><strong>remanentem</strong></span> <span class='ocrx_word' id='word_1_106' title='bbox 2058 2076 2258 2142; x_wconf 90' lang='lat' dir='ltr'><strong>rebus</strong></span> <span class='ocrx_word' id='word_1_107' title='bbox 2301 2073 2578 2141; x_wconf 88' lang='lat' dir='ltr'><strong>amicum</strong></span> 
     </span>
     <span class='ocr_line' id='line_1_17' title="bbox 878 2179 2448 2265; baseline 0 -18"><span class='ocrx_word' id='word_1_108' title='bbox 878 2179 1255 2264; x_wconf 81' lang='lat' dir='ltr'><strong>Quamlibet</strong></span> <span class='ocrx_word' id='word_1_109' title='bbox 1298 2179 1510 2249; x_wconf 82' lang='lat' dir='ltr'><strong>inviso</strong></span> <span class='ocrx_word' id='word_1_110' title='bbox 1556 2181 1801 2249; x_wconf 86' lang='lat' dir='ltr'><strong>Caesar</strong></span> <span class='ocrx_word' id='word_1_111' title='bbox 1843 2183 1914 2248; x_wconf 95' lang='lat' dir='ltr'><strong>in</strong></span> <span class='ocrx_word' id='word_1_112' title='bbox 1958 2183 2147 2249; x_wconf 86' lang='lat' dir='ltr'><strong>hoste</strong></span> <span class='ocrx_word' id='word_1_113' title='bbox 2190 2182 2448 2265; x_wconf 88' lang='lat' dir='ltr'><strong>probat,</strong></span> 
     </span>
     <span class='ocr_line' id='line_1_18' title="bbox 702 2285 2792 2372; baseline 0.001 -22"><span class='ocrx_word' id='word_1_114' title='bbox 702 2309 758 2351; x_wconf 76' lang='lat'><strong>86</strong></span> <span class='ocrx_word' id='word_1_115' title='bbox 790 2286 924 2352; x_wconf 92' lang='lat' dir='ltr'><strong>Nec</strong></span> <span class='ocrx_word' id='word_1_116' title='bbox 970 2287 1139 2354; x_wconf 90' lang='lat' dir='ltr'><strong>solet</strong></span> <span class='ocrx_word' id='word_1_117' title='bbox 1182 2287 1397 2372; x_wconf 79' lang='lat' dir='ltr'><strong>irasci,</strong></span> <span class='ocrx_word' id='word_1_118' title='bbox 1442 2324 1531 2334; x_wconf 89' lang='lat'>—</span> <span class='ocrx_word' id='word_1_119' title='bbox 1576 2306 1789 2370; x_wconf 90' lang='lat' dir='ltr'><strong>neque</strong></span> <span class='ocrx_word' id='word_1_120' title='bbox 1832 2289 2007 2355; x_wconf 89' lang='lat' dir='ltr'><strong>enim</strong></span> <span class='ocrx_word' id='word_1_121' title='bbox 2053 2287 2450 2355; x_wconf 76' lang='lat' dir='ltr'><strong>moderatior</strong></span> <span class='ocrx_word' id='word_1_122' title='bbox 2495 2285 2668 2352; x_wconf 89' lang='lat' dir='ltr'><strong>alter</strong></span> <span class='ocrx_word' id='word_1_123' title='bbox 2711 2323 2792 2336; x_wconf 90' lang='lat'><strong>--</strong></span> 
     </span>
     <span class='ocr_line' id='line_1_19' title="bbox 878 2393 2524 2480; baseline -0.001 -20"><span class='ocrx_word' id='word_1_124' title='bbox 878 2393 1035 2460; x_wconf 87' lang='lat' dir='ltr'><strong>Cum</strong></span> <span class='ocrx_word' id='word_1_125' title='bbox 1081 2394 1227 2475; x_wconf 85' lang='lat' dir='ltr'><strong>quis</strong></span> <span class='ocrx_word' id='word_1_126' title='bbox 1270 2394 1341 2460; x_wconf 90' lang='lat' dir='ltr'><strong>in</strong></span> <span class='ocrx_word' id='word_1_127' title='bbox 1386 2394 1701 2480; x_wconf 83' lang='lat' dir='ltr'><strong>adversis,</strong></span> <span class='ocrx_word' id='word_1_128' title='bbox 1746 2394 1963 2476; x_wconf 89' lang='lat' dir='ltr'><strong>siquid</strong></span> <span class='ocrx_word' id='word_1_129' title='bbox 2007 2393 2278 2478; x_wconf 86' lang='lat' dir='ltr'><strong>amavit,</strong></span> <span class='ocrx_word' id='word_1_130' title='bbox 2323 2397 2524 2459; x_wconf 88' lang='lat' dir='ltr'><strong>amat.</strong></span> 
     </span>
     <span class='ocr_line' id='line_1_20' title="bbox 789 2497 2570 2584; baseline 0 -19"><span class='ocrx_word' id='word_1_131' title='bbox 789 2498 889 2566; x_wconf 89' lang='lat' dir='ltr'><strong>De</strong></span> <span class='ocrx_word' id='word_1_132' title='bbox 936 2499 1170 2567; x_wconf 89' lang='lat' dir='ltr'><strong>comite</strong></span> <span class='ocrx_word' id='word_1_133' title='bbox 1216 2501 1509 2584; x_wconf 82' lang='lat' dir='ltr'><strong>Argolici</strong></span> <span class='ocrx_word' id='word_1_134' title='bbox 1552 2507 1898 2584; x_wconf 80' lang='lat' dir='ltr'><strong>postquam</strong></span> <span class='ocrx_word' id='word_1_135' title='bbox 1943 2501 2255 2584; x_wconf 83' lang='lat' dir='ltr'><strong>cognovit</strong></span> <span class='ocrx_word' id='word_1_136' title='bbox 2299 2497 2570 2584; x_wconf 86' lang='lat' dir='ltr'><strong>Orestis,</strong></span> 
     </span>
     <span class='ocr_line' id='line_1_21' title="bbox 877 2607 2363 2692; baseline 0 -19"><span class='ocrx_word' id='word_1_137' title='bbox 877 2607 1205 2674; x_wconf 86' lang='lat' dir='ltr'><strong>Narratur</strong></span> <span class='ocrx_word' id='word_1_138' title='bbox 1248 2607 1545 2691; x_wconf 85' lang='lat' dir='ltr'><strong>Pyladen</strong></span> <span class='ocrx_word' id='word_1_139' title='bbox 1588 2608 1728 2692; x_wconf 88' lang='lat' dir='ltr'><strong>ipse</strong></span> <span class='ocrx_word' id='word_1_140' title='bbox 1772 2609 2084 2691; x_wconf 83' lang='lat' dir='ltr'><strong>probasse</strong></span> <span class='ocrx_word' id='word_1_141' title='bbox 2129 2607 2363 2673; x_wconf 66' lang='lat' dir='ltr'><strong>Thoas</strong></span> 
     </span>
     <span class='ocr_line' id='line_1_22' title="bbox 790 2711 2636 2797; baseline -0.001 -18"><span class='ocrx_word' id='word_1_142' title='bbox 790 2713 971 2797; x_wconf 81' lang='lat' dir='ltr'><strong>Quae</strong></span> <span class='ocrx_word' id='word_1_143' title='bbox 1015 2714 1147 2780; x_wconf 82' lang='lat' dir='ltr'><strong>fuit</strong></span> <span class='ocrx_word' id='word_1_144' title='bbox 1190 2712 1547 2781; x_wconf 82' lang='lat' dir='ltr'><strong>Actoridae</strong></span> <span class='ocrx_word' id='word_1_145' title='bbox 1590 2733 1735 2781; x_wconf 90' lang='lat' dir='ltr'><strong>cum</strong></span> <span class='ocrx_word' id='word_1_146' title='bbox 1780 2731 2016 2797; x_wconf 84' lang='lat' dir='ltr'><strong>magno</strong></span> <span class='ocrx_word' id='word_1_147' title='bbox 2062 2729 2319 2794; x_wconf 88' lang='lat' dir='ltr'><strong>semper</strong></span> <span class='ocrx_word' id='word_1_148' title='bbox 2360 2711 2636 2796; x_wconf 87' lang='lat' dir='ltr'><strong>Achille,</strong></span> 
     </span>
     <span class='ocr_line' id='line_1_23' title="bbox 703 2816 2287 2887; baseline -0.001 -3"><span class='ocrx_word' id='word_1_149' title='bbox 703 2844 759 2884; x_wconf 72' lang='lat' dir='ltr'><strong>ao</strong></span> <span class='ocrx_word' id='word_1_150' title='bbox 876 2818 1171 2886; x_wconf 87' lang='lat' dir='ltr'><strong>Laudari</strong></span> <span class='ocrx_word' id='word_1_151' title='bbox 1214 2819 1411 2887; x_wconf 88' lang='lat' dir='ltr'><strong>solita</strong></span> <span class='ocrx_word' id='word_1_152' title='bbox 1455 2825 1557 2887; x_wconf 85' lang='lat' dir='ltr'><strong>est</strong></span> <span class='ocrx_word' id='word_1_153' title='bbox 1600 2820 1908 2887; x_wconf 87' lang='lat' dir='ltr'><strong>Hectoris</strong></span> <span class='ocrx_word' id='word_1_154' title='bbox 1953 2837 2066 2885; x_wconf 88' lang='lat' dir='ltr'><strong>ore</strong></span> <span class='ocrx_word' id='word_1_155' title='bbox 2108 2816 2287 2884; x_wconf 88' lang='lat' dir='ltr'><strong>fides.</strong></span> 
     </span>
     <span class='ocr_line' id='line_1_24' title="bbox 791 2916 2600 3007; baseline -0.001 -17"><span class='ocrx_word' id='word_1_156' title='bbox 791 2922 976 3007; x_wconf 82' lang='lat' dir='ltr'><strong>Quod</strong></span> <span class='ocrx_word' id='word_1_157' title='bbox 1020 2926 1165 3007; x_wconf 88' lang='lat' dir='ltr'><strong>pius</strong></span> <span class='ocrx_word' id='word_1_158' title='bbox 1211 2927 1297 2992; x_wconf 90' lang='lat' dir='ltr'><strong>ad</strong></span> <span class='ocrx_word' id='word_1_159' title='bbox 1341 2944 1564 2993; x_wconf 88' lang='lat' dir='ltr'><strong>manes</strong></span> <span class='ocrx_word' id='word_1_160' title='bbox 1608 2926 1899 2992; x_wconf 81' lang='lat' dir='ltr'><strong>Theseus</strong></span> <span class='ocrx_word' id='word_1_161' title='bbox 1945 2942 2154 2991; x_wconf 89' lang='lat' dir='ltr'><strong>comes</strong></span> <span class='ocrx_word' id='word_1_162' title='bbox 2198 2916 2331 2990; x_wconf 83' lang='lat' dir='ltr'><strong>iret</strong></span> <span class='ocrx_word' id='word_1_163' title='bbox 2375 2922 2600 3007; x_wconf 88' lang='lat' dir='ltr'><strong>amico,</strong></span> 
     </span>
     <span class='ocr_line' id='line_1_25' title="bbox 880 3030 2194 3098; baseline -0.001 -2"><span class='ocrx_word' id='word_1_164' title='bbox 880 3030 1271 3097; x_wconf 86' lang='lat' dir='ltr'><strong>Tartareum</strong></span> <span class='ocrx_word' id='word_1_165' title='bbox 1302 3032 1545 3097; x_wconf 31' lang='lat' dir='ltr'><strong>‘dicunt</strong></span> <span class='ocrx_word' id='word_1_166' title='bbox 1586 3031 1944 3098; x_wconf 87' lang='lat' dir='ltr'><strong>indoluisse</strong></span> <span class='ocrx_word' id='word_1_167' title='bbox 1987 3032 2194 3096; x_wconf 89' lang='lat' dir='ltr'><strong>deum.</strong></span> 
     </span>
     <span class='ocr_line' id='line_1_26' title="bbox 790 3127 2293 3221; baseline 0 -20"><span class='ocrx_word' id='word_1_168' title='bbox 790 3136 1070 3220; x_wconf 79' lang='lat' dir='ltr'><strong>Euryali</strong></span> <span class='ocrx_word' id='word_1_169' title='bbox 1115 3136 1385 3219; x_wconf 89' lang='lat' dir='ltr'><strong>Nisique</strong></span> <span class='ocrx_word' id='word_1_170' title='bbox 1429 3127 1571 3204; x_wconf 63' lang='lat' dir='ltr'><strong>flde&#39;</strong></span> <span class='ocrx_word' id='word_1_171' title='bbox 1601 3138 1744 3221; x_wconf 90' lang='lat' dir='ltr'><strong>tibi,</strong></span> <span class='ocrx_word' id='word_1_172' title='bbox 1790 3138 2030 3221; x_wconf 82' lang='lat' dir='ltr'><strong>Turne,</strong></span> <span class='ocrx_word' id='word_1_173' title='bbox 2074 3135 2293 3202; x_wconf 87' lang='lat' dir='ltr'><strong>relata</strong></span> 
     </span>
    </p>
   </div>
   <div class='ocr_carea' id='block_1_3' title="bbox 522 3288 3094 4617">
    <p class='ocr_par' dir='ltr' id='par_1_3' title="bbox 529 3288 3091 3433">
     <span class='ocr_line' id='line_1_27' title="bbox 628 3288 3091 3349; baseline 0.002 -6"><span class='ocrx_word' id='word_1_174' title='bbox 628 3288 720 3346; x_wconf 90' lang='lat'><strong>11.</strong></span> <span class='ocrx_word' id='word_1_175' title='bbox 791 3289 1003 3347; x_wconf 80' lang='lat' dir='ltr'><strong>Ordne:</strong></span> <span class='ocrx_word' id='word_1_176' title='bbox 1074 3297 1139 3346; x_wconf 78' lang='lat' dir='ltr'><strong>ut</strong></span> <span class='ocrx_word' id='word_1_177' title='bbox 1198 3293 1397 3349; x_wconf 74' lang='lat' dir='ltr'><strong>umbra</strong></span> <span class='ocrx_word' id='word_1_178' title='bbox 1460 3308 1630 3349; x_wconf 70' lang='lat' dir='ltr'><strong>comes</strong></span> <span class='ocrx_word' id='word_1_179' title='bbox 1687 3299 1767 3349; x_wconf 76' lang='lat' dir='ltr'><strong>est</strong></span> <span class='ocrx_word' id='word_1_180' title='bbox 1849 3292 2004 3346; x_wconf 68' lang='lat' dir='ltr'><strong>vird.</strong></span> <span class='ocrx_word' id='word_1_181' title='bbox 2075 3290 2272 3346; x_wconf 83' lang='lat' dir='ltr'><strong>Dieser</strong></span> <span class='ocrx_word' id='word_1_182' title='bbox 2308 3290 2436 3346; x_wconf 72' lang='lat' dir='ltr'><strong>Satn</strong></span> <span class='ocrx_word' id='word_1_183' title='bbox 2476 3289 2614 3343; x_wconf 79' lang='lat' dir='ltr'><strong>wird</strong></span> <span class='ocrx_word' id='word_1_184' title='bbox 2658 3308 2766 3345; x_wconf 84' lang='lat' dir='ltr'><strong>von</strong></span> <span class='ocrx_word' id='word_1_185' title='bbox 2805 3288 2876 3345; x_wconf 88' lang='lat' dir='ltr'><strong>V.</strong></span> <span class='ocrx_word' id='word_1_186' title='bbox 2913 3291 2980 3346; x_wconf 81' lang='lat'><strong>27</strong></span> <span class='ocrx_word' id='word_1_187' title='bbox 3018 3308 3091 3347; x_wconf 82' lang='lat' dir='ltr'><strong>an</strong></span> 
     </span>
     <span class='ocr_line' id='line_1_28' title="bbox 529 3360 3090 3433; baseline 0 -20"><span class='ocrx_word' id='word_1_188' title='bbox 529 3360 785 3415; x_wconf 73' lang='lat' dir='ltr'><strong>euntibus</strong></span> <span class='ocrx_word' id='word_1_189' title='bbox 811 3376 920 3429; x_wconf 73' lang='lat' dir='ltr'><strong>por</strong></span> <span class='ocrx_word' id='word_1_190' title='bbox 950 3362 1147 3417; x_wconf 70' lang='lat' dir='ltr'><strong>radios</strong></span> <span class='ocrx_word' id='word_1_191' title='bbox 1180 3362 1327 3418; x_wconf 72' lang='lat' dir='ltr'><strong>solis.</strong></span> <span class='ocrx_word' id='word_1_192' title='bbox 1849 3362 2028 3416; x_wconf 84' lang='lat' dir='ltr'><strong>durch</strong></span> <span class='ocrx_word' id='word_1_193' title='bbox 2051 3362 2171 3416; x_wconf 78' lang='lat' dir='ltr'><strong>viar</strong></span> <span class='ocrx_word' id='word_1_194' title='bbox 2196 3360 2644 3433; x_wconf 75' lang='lat' dir='ltr'><strong>mythologinche</strong></span> <span class='ocrx_word' id='word_1_195' title='bbox 2667 3360 2948 3431; x_wconf 80' lang='lat' dir='ltr'><strong>Beispiele</strong></span> <span class='ocrx_word' id='word_1_196' title='bbox 2969 3377 3090 3415; x_wconf 78' lang='lat' dir='ltr'><strong>ver-</strong></span> 
     </span>
    </p>

    <p class='ocr_par' dir='ltr' id='par_1_4' title="bbox 627 3429 2255 3501">
     <span class='ocr_line' id='line_1_29' title="bbox 627 3429 2255 3501; baseline 0.001 -17"><span class='ocrx_word' id='word_1_197' title='bbox 627 3429 719 3485; x_wconf 72' lang='lat'><strong>12.</strong></span> <span class='ocrx_word' id='word_1_198' title='bbox 789 3430 896 3501; x_wconf 77' lang='lat' dir='ltr'><strong>hic]</strong></span> <span class='ocrx_word' id='word_1_199' title='bbox 932 3430 1031 3486; x_wconf 78' lang='lat' dir='ltr'><strong>sol.</strong></span> <span class='ocrx_word' id='word_1_200' title='bbox 1850 3430 2255 3487; x_wconf 79' lang='lat' dir='ltr'><strong>anschaulicht.</strong></span> 
     </span>
    </p>

    <p class='ocr_par' dir='ltr' id='par_1_5' title="bbox 523 3498 3092 3711">
     <span class='ocr_line' id='line_1_30' title="bbox 626 3498 3090 3573; baseline 0 -19"><span class='ocrx_word' id='word_1_201' title='bbox 626 3498 718 3555; x_wconf 79' lang='grc'><strong>17.</strong></span> <span class='ocrx_word' id='word_1_202' title='bbox 788 3502 1032 3555; x_wconf 75' lang='lat' dir='ltr'><strong>stetimus</strong></span> <span class='ocrx_word' id='word_1_203' title='bbox 1067 3500 1213 3555; x_wconf 83' lang='lat' dir='ltr'><strong>noch</strong></span> <span class='ocrx_word' id='word_1_204' title='bbox 1228 3501 1487 3557; x_wconf 82' lang='lat' dir='ltr'><strong>aufrecht</strong></span> <span class='ocrx_word' id='word_1_205' title='bbox 1502 3501 1762 3573; x_wconf 79' lang='lat' dir='ltr'><strong>standen3</strong></span> <span class='ocrx_word' id='word_1_206' title='bbox 1952 3500 2021 3555; x_wconf 79' lang='lat'><strong>27</strong></span> <span class='ocrx_word' id='word_1_207' title='bbox 2040 3502 2086 3557; x_wconf 79' lang='lat' dir='ltr'><strong>f.</strong></span> <span class='ocrx_word' id='word_1_208' title='bbox 2157 3499 2347 3555; x_wconf 70' lang='lat' dir='ltr'><strong>Erotes</strong></span> <span class='ocrx_word' id='word_1_209' title='bbox 2364 3498 2640 3569; x_wconf 77' lang='lat' dir='ltr'><strong>Beispiel:</strong></span> <span class='ocrx_word' id='word_1_210' title='bbox 2659 3499 2851 3555; x_wconf 81' lang='lat' dir='ltr'><strong>Thoas</strong></span> <span class='ocrx_word' id='word_1_211' title='bbox 2868 3502 3090 3555; x_wconf 72' lang='lat' dir='ltr'><strong>bewun-</strong></span> 
     </span>
     <span class='ocr_line' id='line_1_31' title="bbox 523 3567 3092 3641; baseline 0 -19"><span class='ocrx_word' id='word_1_212' title='bbox 523 3568 614 3623; x_wconf 80' lang='lat' dir='ltr'><strong>die</strong></span> <span class='ocrx_word' id='word_1_213' title='bbox 638 3567 1021 3641; x_wconf 83' lang='lat' dir='ltr'><strong>Verbannung</strong></span> <span class='ocrx_word' id='word_1_214' title='bbox 1083 3572 1370 3626; x_wconf 83' lang='lat' dir='ltr'><strong>ezeichnet</strong></span> <span class='ocrx_word' id='word_1_215' title='bbox 1394 3590 1452 3627; x_wconf 91' lang='lat' dir='ltr'><strong>er</strong></span> <span class='ocrx_word' id='word_1_216' title='bbox 1476 3572 1560 3626; x_wconf 86' lang='lat' dir='ltr'><strong>als</strong></span> <span class='ocrx_word' id='word_1_217' title='bbox 1582 3574 1763 3627; x_wconf 83' lang='lat' dir='ltr'><strong>ruina.</strong></span> <span class='ocrx_word' id='word_1_218' title='bbox 1852 3571 2008 3626; x_wconf 76' lang='lat' dir='ltr'><strong>dei-te</strong></span> <span class='ocrx_word' id='word_1_219' title='bbox 2041 3570 2148 3625; x_wconf 86' lang='lat' dir='ltr'><strong>deu</strong></span> <span class='ocrx_word' id='word_1_220' title='bbox 2263 3568 2418 3623; x_wconf 77' lang='lat' dir='ltr'><strong>ladas</strong></span> <span class='ocrx_word' id='word_1_221' title='bbox 2453 3586 2645 3641; x_wconf 81' lang='lat' dir='ltr'><strong>wegen</strong></span> <span class='ocrx_word' id='word_1_222' title='bbox 2681 3570 2862 3624; x_wconf 83' lang='lat' dir='ltr'><strong>seiner</strong></span> <span class='ocrx_word' id='word_1_223' title='bbox 2895 3577 3092 3624; x_wconf 87' lang='lat' dir='ltr'><strong>treuen</strong></span> 
     </span>
     <span class='ocr_line' id='line_1_32' title="bbox 523 3634 3092 3711; baseline 0.001 -19"><span class='ocrx_word' id='word_1_224' title='bbox 523 3636 657 3711; x_wconf 79' lang='lat' dir='ltr'><strong>vgl.</strong></span> <span class='ocrx_word' id='word_1_225' title='bbox 692 3636 765 3692; x_wconf 88' lang='lat' dir='ltr'><strong>V.</strong></span> <span class='ocrx_word' id='word_1_226' title='bbox 792 3639 874 3693; x_wconf 89' lang='grc'><strong>19.</strong></span> <span class='ocrx_word' id='word_1_227' title='bbox 1849 3638 2169 3695; x_wconf 82' lang='lat' dir='ltr'><strong>Freundsch</strong></span> <span class='ocrx_word' id='word_1_228' title='bbox 2290 3656 2361 3692; x_wconf 80' lang='lat' dir='ltr'><strong>zu</strong></span> <span class='ocrx_word' id='word_1_229' title='bbox 2391 3634 2629 3705; x_wconf 83' lang='lat' dir='ltr'><strong>Orestes,</strong></span> <span class='ocrx_word' id='word_1_230' title='bbox 2667 3640 2888 3694; x_wconf 79' lang='lat' dir='ltr'><strong>obwohl</strong></span> <span class='ocrx_word' id='word_1_231' title='bbox 2913 3639 3092 3694; x_wconf 77' lang='lat' dir='ltr'><strong>dieser</strong></span> 
     </span>
    </p>

    <p class='ocr_par' dir='ltr' id='par_1_6' title="bbox 522 3707 3093 3905">
     <span class='ocr_line' id='line_1_33' title="bbox 625 3707 3090 3783; baseline 0 -20"><span class='ocrx_word' id='word_1_232' title='bbox 625 3708 719 3764; x_wconf 86' lang='lat'><strong>18.</strong></span> <span class='ocrx_word' id='word_1_233' title='bbox 791 3707 965 3763; x_wconf 80' lang='lat' dir='ltr'><strong>Ovids</strong></span> <span class='ocrx_word' id='word_1_234' title='bbox 1000 3707 1158 3762; x_wconf 78' lang='lat' dir='ltr'><strong>Haus</strong></span> <span class='ocrx_word' id='word_1_235' title='bbox 1203 3708 1381 3765; x_wconf 83' lang='lat' dir='ltr'><strong>liebte</strong></span> <span class='ocrx_word' id='word_1_236' title='bbox 1416 3728 1561 3765; x_wconf 67' lang='grc' dir='ltr'><strong>πω·</strong></span> <span class='ocrx_word' id='word_1_237' title='bbox 1594 3712 1764 3783; x_wconf 77' lang='lat' dir='ltr'><strong>grofle</strong></span> <span class='ocrx_word' id='word_1_238' title='bbox 1851 3710 1996 3764; x_wconf 82' lang='lat' dir='ltr'><strong>doch</strong></span> <span class='ocrx_word' id='word_1_239' title='bbox 2032 3708 2362 3782; x_wconf 77' lang='lat' dir='ltr'><strong>gekommen</strong></span> <span class='ocrx_word' id='word_1_240' title='bbox 2398 3724 2531 3774; x_wconf 73' lang='lat' dir='ltr'><strong>war,</strong></span> <span class='ocrx_word' id='word_1_241' title='bbox 2566 3726 2662 3761; x_wconf 87' lang='lat' dir='ltr'><strong>um</strong></span> <span class='ocrx_word' id='word_1_242' title='bbox 2697 3708 2796 3761; x_wconf 86' lang='lat' dir='ltr'><strong>ihn</strong></span> <span class='ocrx_word' id='word_1_243' title='bbox 2830 3726 2899 3763; x_wconf 76' lang='lat' dir='ltr'><strong>zu</strong></span> <span class='ocrx_word' id='word_1_244' title='bbox 2933 3710 3090 3763; x_wconf 72' lang='lat' dir='ltr'><strong>schli-</strong></span> 
     </span>
     <span class='ocr_line' id='line_1_34' title="bbox 523 3776 2725 3852; baseline -0 -19"><span class='ocrx_word' id='word_1_245' title='bbox 523 3776 909 3849; x_wconf 72' lang='lat' dir='ltr'><strong>Genemgkeit,</strong></span> <span class='ocrx_word' id='word_1_246' title='bbox 943 3776 1088 3832; x_wconf 79' lang='lat' dir='ltr'><strong>doeh</strong></span> <span class='ocrx_word' id='word_1_247' title='bbox 1114 3778 1272 3833; x_wconf 86' lang='lat' dir='ltr'><strong>nicht</strong></span> <span class='ocrx_word' id='word_1_248' title='bbox 1296 3780 1579 3852; x_wconf 79' lang='lat' dir='ltr'><strong>ehrgeizig</strong></span> <span class='ocrx_word' id='word_1_249' title='bbox 1602 3782 1763 3835; x_wconf 74' lang='lat' dir='ltr'><strong>tiber·</strong></span> <span class='ocrx_word' id='word_1_250' title='bbox 1852 3778 2039 3851; x_wconf 80' lang='lat' dir='ltr'><strong>digen,</strong></span> <span class='ocrx_word' id='word_1_251' title='bbox 2073 3778 2192 3833; x_wconf 81' lang='lat' dir='ltr'><strong>also</strong></span> <span class='ocrx_word' id='word_1_252' title='bbox 2226 3777 2346 3832; x_wconf 80' lang='lat' dir='ltr'><strong>sein</strong></span> <span class='ocrx_word' id='word_1_253' title='bbox 2379 3776 2560 3832; x_wconf 77' lang='lat' dir='ltr'><strong>Feind</strong></span> <span class='ocrx_word' id='word_1_254' title='bbox 2592 3794 2725 3832; x_wconf 77' lang='lat' dir='ltr'><strong>war.</strong></span> 
     </span>
     <span class='ocr_line' id='line_1_35' title="bbox 522 3846 3093 3905; baseline 0 -5"><span class='ocrx_word' id='word_1_255' title='bbox 522 3848 808 3903; x_wconf 81' lang='lat' dir='ltr'><strong>triebenen</strong></span> <span class='ocrx_word' id='word_1_256' title='bbox 845 3846 1056 3902; x_wconf 82' lang='lat' dir='ltr'><strong>Prunk.</strong></span> <span class='ocrx_word' id='word_1_257' title='bbox 1954 3847 2083 3905; x_wconf 70' lang='lat'><strong>291.</strong></span> <span class='ocrx_word' id='word_1_258' title='bbox 2141 3847 2376 3901; x_wconf 78' lang='lat' dir='ltr'><strong>zweites</strong></span> <span class='ocrx_word' id='word_1_259' title='bbox 2387 3846 2520 3901; x_wconf 85' lang='lat' dir='ltr'><strong>Beis</strong></span> <span class='ocrx_word' id='word_1_260' title='bbox 2557 3847 2662 3901; x_wconf 85' lang='lat' dir='ltr'><strong>iel:</strong></span> <span class='ocrx_word' id='word_1_261' title='bbox 2682 3846 3093 3903; x_wconf 75' lang='lat' dir='ltr'><strong>SelbetHektor</strong></span> 
     </span>
    </p>

    <p class='ocr_par' dir='ltr' id='par_1_7' title="bbox 625 3915 3092 3987">
     <span class='ocr_line' id='line_1_36' title="bbox 625 3915 3092 3987; baseline 0.001 -16"><span class='ocrx_word' id='word_1_262' title='bbox 625 3916 715 3973; x_wconf 74' lang='grc'><strong>20.</strong></span> <span class='ocrx_word' id='word_1_263' title='bbox 788 3918 977 3987; x_wconf 81' lang='lat' dir='ltr'><strong>cauta]</strong></span> <span class='ocrx_word' id='word_1_264' title='bbox 990 3918 1068 3970; x_wconf 90' lang='lat' dir='ltr'><strong>im</strong></span> <span class='ocrx_word' id='word_1_265' title='bbox 1077 3916 1763 3974; x_wconf 81' lang='lat' dir='ltr'><strong>DeutschenAdverbium.</strong></span> <span class='ocrx_word' id='word_1_266' title='bbox 1851 3918 2040 3972; x_wconf 76' lang='lat' dir='ltr'><strong>muflte</strong></span> <span class='ocrx_word' id='word_1_267' title='bbox 2093 3917 2184 3972; x_wconf 81' lang='lat' dir='ltr'><strong>dle</strong></span> <span class='ocrx_word' id='word_1_268' title='bbox 2231 3916 2483 3971; x_wconf 82' lang='lat' dir='ltr'><strong>Freunds</strong></span> <span class='ocrx_word' id='word_1_269' title='bbox 2559 3916 2643 3970; x_wconf 72' lang='lat' dir='ltr'><strong>ast</strong></span> <span class='ocrx_word' id='word_1_270' title='bbox 2695 3915 2794 3971; x_wconf 77' lang='lat' dir='ltr'><strong>des</strong></span> <span class='ocrx_word' id='word_1_271' title='bbox 2841 3917 3092 3973; x_wconf 82' lang='lat' dir='ltr'><strong>Achilles</strong></span> 
     </span>
    </p>

    <p class='ocr_par' dir='ltr' id='par_1_8' title="bbox 522 3985 3094 4252">
     <span class='ocr_line' id='line_1_37' title="bbox 626 3985 3092 4057; baseline 0 -16"><span class='ocrx_word' id='word_1_272' title='bbox 626 3986 719 4043; x_wconf 75' lang='lat'><strong>21.</strong></span> <span class='ocrx_word' id='word_1_273' title='bbox 792 3986 1184 4041; x_wconf 78' lang='lat' dir='ltr'><strong>Konstruiere:</strong></span> <span class='ocrx_word' id='word_1_274' title='bbox 1219 4002 1393 4055; x_wconf 75' lang='lat' dir='ltr'><strong>neque</strong></span> <span class='ocrx_word' id='word_1_275' title='bbox 1416 3989 1677 4057; x_wconf 74' lang='lat' dir='ltr'><strong>admiror,</strong></span> <span class='ocrx_word' id='word_1_276' title='bbox 1714 3990 1769 4043; x_wconf 75' lang='lat' dir='ltr'><strong>si</strong></span> <span class='ocrx_word' id='word_1_277' title='bbox 1848 3988 1964 4041; x_wconf 87' lang='lat' dir='ltr'><strong>und</strong></span> <span class='ocrx_word' id='word_1_278' title='bbox 2001 3986 2299 4042; x_wconf 71' lang='lat' dir='ltr'><strong>Patroklou</strong></span> <span class='ocrx_word' id='word_1_279' title='bbox 2342 3985 2679 4041; x_wconf 79' lang='lat' dir='ltr'><strong>bewundern</strong></span> <span class='ocrx_word' id='word_1_280' title='bbox 2693 4027 2707 4053; x_wconf 92' lang='lat'>,</span> <span class='ocrx_word' id='word_1_281' title='bbox 2753 3986 2976 4043; x_wconf 74' lang='lat' dir='ltr'><strong>obwohl</strong></span> <span class='ocrx_word' id='word_1_282' title='bbox 3009 3987 3092 4041; x_wconf 79' lang='lat' dir='ltr'><strong>sie</strong></span> 
     </span>
     <span class='ocr_line' id='line_1_38' title="bbox 527 4052 2772 4142; baseline 0.002 -35"><span class='ocrx_word' id='word_1_283' title='bbox 527 4052 639 4122; x_wconf 71' lang='lat' dir='ltr'><strong>(fiir</strong></span> <span class='ocrx_word' id='word_1_284' title='bbox 710 4057 843 4126; x_wconf 85' lang='lat' dir='ltr'><strong>uod)</strong></span> <span class='ocrx_word' id='word_1_285' title='bbox 886 4071 1053 4140; x_wconf 58' lang='lat' dir='ltr'><strong>saeva</strong></span> <span class='ocrx_word' id='word_1_286' title='bbox 1087 4054 1327 4122; x_wconf 71' lang='lat' dir='ltr'><strong>fulmina</strong></span> <span class='ocrx_word' id='word_1_287' title='bbox 1360 4064 1622 4113; x_wconf 73' lang='lat' dir='ltr'><strong>metuunt.</strong></span> <span class='ocrx_word' id='word_1_288' title='bbox 1706 4129 1720 4142; x_wconf 93' lang='lat'><strong>.</strong></span> <span class='ocrx_word' id='word_1_289' title='bbox 1851 4056 1999 4112; x_wconf 86' lang='lat' dir='ltr'><strong>doch</strong></span> <span class='ocrx_word' id='word_1_290' title='bbox 2033 4056 2182 4112; x_wconf 69' lang='lat' dir='ltr'><strong>aeine</strong></span> <span class='ocrx_word' id='word_1_291' title='bbox 2219 4054 2532 4139; x_wconf 60' lang='lat' dir='ltr'><strong>&#39;Podfeinde</strong></span> <span class='ocrx_word' id='word_1_292' title='bbox 2568 4072 2772 4139; x_wconf 65' lang='lat' dir='ltr'><strong>yaren.</strong></span> 
     </span>
     <span class='ocr_line' id='line_1_39' title="bbox 522 4124 3094 4252; baseline 0.002 -7"><span class='ocrx_word' id='word_1_293' title='bbox 522 4192 623 4247; x_wconf 85' lang='lat' dir='ltr'><strong>der</strong></span> <span class='ocrx_word' id='word_1_294' title='bbox 656 4142 1041 4252; x_wconf 35' lang='lat' dir='ltr'><strong>&amp;bgr-integrm</strong></span> <span class='ocrx_word' id='word_1_295' title='bbox 1074 4128 1341 4196; x_wconf 58' lang='lat' dir='ltr'><strong>mue]</strong></span> <span class='ocrx_word' id='word_1_296' title='bbox 1381 4126 1521 4182; x_wconf 57' lang='lat' dir='ltr'><strong>⁸11oe</strong></span> <span class='ocrx_word' id='word_1_297' title='bbox 1555 4144 1668 4182; x_wconf 56' lang='lat' dir='ltr'><strong>vu</strong></span> <span class='ocrx_word' id='word_1_298' title='bbox 1702 4144 1763 4181; x_wconf 74' lang='lat' dir='ltr'>m</span> <span class='ocrx_word' id='word_1_299' title='bbox 1853 4126 2122 4251; x_wconf 53' lang='lat' dir='ltr'><strong>sichnsor</strong></span> <span class='ocrx_word' id='word_1_300' title='bbox 2157 4124 2648 4250; x_wconf 48' lang='grc' dir='ltr'><strong>ἓὲτιιᾶἓδξῖωὲἒι</strong></span> <span class='ocrx_word' id='word_1_301' title='bbox 2661 4125 3094 4251; x_wconf 42' lang='grc' dir='ltr'><strong>ἕΓΞὲῗιῗᾱιδοῗιῊ</strong></span> 
     </span>
    </p>

    <p class='ocr_par' dir='ltr' id='par_1_9' title="bbox 522 4263 3094 4617">
     <span class='ocr_line' id='line_1_40' title="bbox 627 4263 3089 4330; baseline 0 -12"><span class='ocrx_word' id='word_1_302' title='bbox 627 4263 775 4321; x_wconf 71' lang='grc' dir='ltr'><strong>23Π.</strong></span> <span class='ocrx_word' id='word_1_303' title='bbox 844 4264 1163 4319; x_wconf 75' lang='lat' dir='ltr'><strong>Wahrhaft</strong></span> <span class='ocrx_word' id='word_1_304' title='bbox 1213 4265 1515 4320; x_wconf 83' lang='lat' dir='ltr'><strong>vomehme</strong></span> <span class='ocrx_word' id='word_1_305' title='bbox 1568 4264 1765 4321; x_wconf 86' lang='lat' dir='ltr'><strong>Seelen</strong></span> <span class='ocrx_word' id='word_1_306' title='bbox 1850 4265 2124 4321; x_wconf 74' lang='lat' dir='ltr'><strong>zwischen</strong></span> <span class='ocrx_word' id='word_1_307' title='bbox 2159 4264 2410 4319; x_wconf 79' lang='lat' dir='ltr'><strong>Theseus</strong></span> <span class='ocrx_word' id='word_1_308' title='bbox 2455 4264 2572 4319; x_wconf 84' lang='lat' dir='ltr'><strong>und</strong></span> <span class='ocrx_word' id='word_1_309' title='bbox 2611 4264 2952 4330; x_wconf 82' lang='lat' dir='ltr'><strong>Peirithoos,</strong></span> <span class='ocrx_word' id='word_1_310' title='bbox 2999 4264 3089 4318; x_wconf 83' lang='lat' dir='ltr'><strong>die</strong></span> 
     </span>
     <span class='ocr_line' id='line_1_41' title="bbox 526 4331 3091 4405; baseline 0.001 -19"><span class='ocrx_word' id='word_1_311' title='bbox 526 4331 652 4401; x_wconf 74' lang='lat' dir='ltr'><strong>(wie</strong></span> <span class='ocrx_word' id='word_1_312' title='bbox 684 4333 775 4387; x_wconf 89' lang='lat' dir='ltr'><strong>Au</strong></span> <span class='ocrx_word' id='word_1_313' title='bbox 856 4336 993 4405; x_wconf 80' lang='lat' dir='ltr'><strong>stus)</strong></span> <span class='ocrx_word' id='word_1_314' title='bbox 1030 4334 1249 4389; x_wconf 74' lang='lat' dir='ltr'><strong>werden</strong></span> <span class='ocrx_word' id='word_1_315' title='bbox 1286 4336 1468 4402; x_wconf 84' lang='lat' dir='ltr'><strong>einen,</strong></span> <span class='ocrx_word' id='word_1_316' title='bbox 1502 4334 1603 4390; x_wconf 84' lang='lat' dir='ltr'><strong>der</strong></span> <span class='ocrx_word' id='word_1_317' title='bbox 1636 4336 1766 4390; x_wconf 84' lang='lat' dir='ltr'><strong>dem</strong></span> <span class='ocrx_word' id='word_1_318' title='bbox 1852 4334 1997 4390; x_wconf 86' lang='lat' dir='ltr'><strong>doch</strong></span> <span class='ocrx_word' id='word_1_319' title='bbox 2015 4335 2080 4389; x_wconf 74' lang='lat' dir='ltr'><strong>‘in</strong></span> <span class='ocrx_word' id='word_1_320' title='bbox 2107 4335 2198 4388; x_wconf 89' lang='lat' dir='ltr'><strong>die</strong></span> <span class='ocrx_word' id='word_1_321' title='bbox 2215 4332 2528 4389; x_wconf 74' lang='lat' dir='ltr'><strong>Unterwelt</strong></span> <span class='ocrx_word' id='word_1_322' title='bbox 2545 4334 2760 4405; x_wconf 80' lang='lat' dir='ltr'><strong>gedrun</strong></span> <span class='ocrx_word' id='word_1_323' title='bbox 2801 4350 2870 4387; x_wconf 87' lang='lat' dir='ltr'><strong>en</strong></span> <span class='ocrx_word' id='word_1_324' title='bbox 2889 4349 3091 4401; x_wconf 79' lang='lat' dir='ltr'><strong>waren,</strong></span> 
     </span>
     <span class='ocr_line' id='line_1_42' title="bbox 522 4399 2968 4476; baseline 0 -23"><span class='ocrx_word' id='word_1_325' title='bbox 522 4399 609 4455; x_wconf 82' lang='lat' dir='ltr'><strong>ins</strong></span> <span class='ocrx_word' id='word_1_326' title='bbox 654 4400 786 4475; x_wconf 81' lang='lat' dir='ltr'><strong>Ung</strong></span> <span class='ocrx_word' id='word_1_327' title='bbox 808 4403 923 4457; x_wconf 76' lang='lat' dir='ltr'><strong>iick</strong></span> <span class='ocrx_word' id='word_1_328' title='bbox 972 4410 1276 4476; x_wconf 70' lang='lat' dir='ltr'><strong>geratonen</strong></span> <span class='ocrx_word' id='word_1_329' title='bbox 1330 4402 1589 4461; x_wconf 81' lang='lat' dir='ltr'><strong>Freunde</strong></span> <span class='ocrx_word' id='word_1_330' title='bbox 1640 4412 1767 4461; x_wconf 80' lang='lat' dir='ltr'><strong>tren</strong></span> <span class='ocrx_word' id='word_1_331' title='bbox 1849 4422 1944 4459; x_wconf 88' lang='lat' dir='ltr'><strong>um</strong></span> <span class='ocrx_word' id='word_1_332' title='bbox 1981 4404 2074 4460; x_wconf 85' lang='lat' dir='ltr'><strong>die</strong></span> <span class='ocrx_word' id='word_1_333' title='bbox 2110 4402 2468 4473; x_wconf 78' lang='lat' dir='ltr'><strong>Persephone</strong></span> <span class='ocrx_word' id='word_1_334' title='bbox 2501 4420 2570 4457; x_wconf 74' lang='lat' dir='ltr'><strong>zu</strong></span> <span class='ocrx_word' id='word_1_335' title='bbox 2605 4410 2700 4457; x_wconf 86' lang='lat' dir='ltr'><strong>ent</strong></span> <span class='ocrx_word' id='word_1_336' title='bbox 2803 4420 2916 4457; x_wconf 86' lang='lat' dir='ltr'><strong>ren.</strong></span> <span class='ocrx_word' id='word_1_337' title='bbox 2963 4446 2968 4453; x_wconf 91' lang='lat'><strong>.</strong></span> 
     </span>
     <span class='ocr_line' id='line_1_43' title="bbox 522 4468 3092 4543; baseline 0.002 -20"><span class='ocrx_word' id='word_1_338' title='bbox 522 4468 703 4526; x_wconf 79' lang='lat' dir='ltr'><strong>bleibt</strong></span> <span class='ocrx_word' id='word_1_339' title='bbox 755 4473 901 4528; x_wconf 80' lang='lat' dir='ltr'><strong>auch</strong></span> <span class='ocrx_word' id='word_1_340' title='bbox 927 4472 1076 4527; x_wconf 72' lang='lat' dir='ltr'><strong>darm</strong></span> <span class='ocrx_word' id='word_1_341' title='bbox 1111 4472 1296 4529; x_wconf 80' lang='lat' dir='ltr'><strong>lieben</strong></span> <span class='ocrx_word' id='word_1_342' title='bbox 1337 4482 1570 4542; x_wconf 71' lang='lat' dir='ltr'><strong>musaeu,</strong></span> <span class='ocrx_word' id='word_1_343' title='bbox 1604 4492 1765 4529; x_wconf 71' lang='lat' dir='ltr'><strong>wenn</strong></span> <span class='ocrx_word' id='word_1_344' title='bbox 1879 4497 1884 4501; x_wconf 89' lang='lat'><strong>·</strong></span> <span class='ocrx_word' id='word_1_345' title='bbox 1955 4474 2085 4531; x_wconf 60' lang='grc' dir='ltr'><strong>ὅθί.</strong></span> <span class='ocrx_word' id='word_1_346' title='bbox 2157 4472 2383 4528; x_wconf 78' lang='lat' dir='ltr'><strong>Viertes</strong></span> <span class='ocrx_word' id='word_1_347' title='bbox 2405 4471 2680 4543; x_wconf 74' lang='lat' dir='ltr'><strong>Beispiel:</strong></span> <span class='ocrx_word' id='word_1_348' title='bbox 2706 4472 2930 4526; x_wconf 72' lang='lat' dir='ltr'><strong>&#39;furnus</strong></span> <span class='ocrx_word' id='word_1_349' title='bbox 2951 4474 3092 4528; x_wconf 76' lang='lat' dir='ltr'><strong>wird</strong></span> 
     </span>
     <span class='ocr_line' id='line_1_44' title="bbox 523 4512 3094 4617; baseline 0.002 -24"><span class='ocrx_word' id='word_1_350' title='bbox 523 4538 623 4593; x_wconf 84' lang='lat' dir='ltr'><strong>der</strong></span> <span class='ocrx_word' id='word_1_351' title='bbox 678 4512 1092 4615; x_wconf 62' lang='lat' dir='ltr'><strong>fingluckliclw</strong></span> <span class='ocrx_word' id='word_1_352' title='bbox 1156 4560 1267 4598; x_wconf 76' lang='lat' dir='ltr'><strong>von</strong></span> <span class='ocrx_word' id='word_1_353' title='bbox 1326 4543 1497 4598; x_wconf 78' lang='lat' dir='ltr'><strong>ilmen</strong></span> <span class='ocrx_word' id='word_1_354' title='bbox 1554 4544 1767 4617; x_wconf 72' lang='lat' dir='ltr'><strong>gehasst</strong></span> <span class='ocrx_word' id='word_1_355' title='bbox 1853 4542 2031 4598; x_wconf 72' lang='lat' dir='ltr'><strong>durch</strong></span> <span class='ocrx_word' id='word_1_356' title='bbox 2077 4543 2168 4598; x_wconf 86' lang='lat' dir='ltr'><strong>die</strong></span> <span class='ocrx_word' id='word_1_357' title='bbox 2209 4540 2620 4597; x_wconf 79' lang='lat' dir='ltr'><strong>Freundschaft</strong></span> <span class='ocrx_word' id='word_1_358' title='bbox 2665 4542 2848 4596; x_wconf 82' lang='lat' dir='ltr'><strong>seiner</strong></span> <span class='ocrx_word' id='word_1_359' title='bbox 2879 4540 3094 4597; x_wconf 81' lang='lat' dir='ltr'><strong>Feinde</strong></span> 
     </span>
    </p>
   </div>
   <div class='ocr_carea' id='block_1_4' title="bbox 2600 4627 2673 4681">
    <p class='ocr_par' dir='ltr' id='par_1_10' title="bbox 2600 4627 2673 4681">
     <span class='ocr_line' id='line_1_45' title="bbox 2600 4627 2673 4681; baseline 0 -16"><span class='ocrx_word' id='word_1_360' title='bbox 2600 4627 2673 4681; x_wconf 70' lang='lat'><strong>6⁴}</strong></span> 
     </span>
    </p>
   </div>
  </div>
 </body>
</html>
