3684 5275
588 379 674 446 88
1664 393 1903 449 Zweiter
1943 393 2090 450 Teil.

944 554 1247 622 Carmina
1291 557 1607 624 ducebam
1652 556 2151 639 qualiacumque
2193 576 2408 626 manu.

856 661 1043 727 Nunc
1087 679 1341 743 quoque
1386 662 1679 732 contenti
1722 663 2016 730 stridunt
2061 663 2366 746 aquilone
2401 664 2730 742 rudentes,

768 791 824 831 ιο
942 767 1150 849 Inque
1191 770 1448 838 modum
1492 769 1729 838 tumuli
1774 787 2064 839 concava
2081 769 2325 853 ‘surgit
2367 787 2557 852 aqua.

856 872 1008 954 Ipse
1050 874 1455 956 gubernator
1499 875 1737 943 tollens
1784 877 1871 942 ad
1913 877 2134 944 sidera
2178 876 2430 959 palmas

944 979 1260 1062 Exposcit
1301 981 1494 1066 votis,
1537 982 1851 1050 inmemor
1893 983 2077 1067 artie,
2121 1001 2324 1066 opem.

857 1084 1271 1168 Quocumque
1316 1088 1560 1170 aspexi,
1604 1088 1771 1155 nihil
1816 1094 1920 1156 est
1961 1088 2093 1155 nisi
2133 1089 2364 1156 mortis
2405 1089 2641 1172 imago,

946 1190 1157 1275 Quam
1202 1193 1402 1259 dubia
1447 1195 1645 1262 timeo
1691 1201 1927 1278 mente,
1971 1194 2336 1276 timensque
2379 1213 2626 1278 precor.

770 1321 826 1364 2⁶
856 1297 1165 1381 Attigero
1209 1303 1487 1384 portum,
1530 1305 1728 1383 portu
1772 1301 2074 1368 terrebor
2117 1303 2202 1368 ab
2248 1302 2414 1384 ipso:

948 1403 1105 1470 Plus
1149 1405 1355 1472 habet
1397 1405 1646 1473 infesta
1690 1412 1874 1475 terra
1918 1406 2173 1475 timoris
2218 1425 2408 1488 aqua.

790 1499 795 1504 ’
860 1510 1027 1576 Nam
1070 1510 1263 1578 simul
1304 1512 1558 1580 insidiis
1603 1513 1931 1581 hominum
1974 1513 2322 1598 pelagique
2363 1513 2610 1598 laboro,

948 1616 1044 1682 Et
1085 1615 1342 1685 faciunt
1383 1618 1675 1702 geminos
1720 1621 1893 1688 ensis
1937 1626 2010 1687 et
2051 1622 2228 1688 unda
2271 1625 2500 1688 metus.

860 1721 985 1788 Ille
1028 1741 1169 1790 meo
1214 1741 1447 1792 vereor
1490 1744 1573 1794 ne
1616 1732 1839 1808 speret
1881 1726 2202 1810 sanguine
2245 1728 2572 1811 praedam,

774 1855 829 1894 ao
947 1828 1134 1894 Haec
1178 1830 1445 1898 titulum
1489 1837 1755 1900 nostrae
1800 1834 2028 1900 mortis
2072 1833 2318 1900 habere
2361 1833 2543 1901 velit.

863 1935 1164 2002 Barbara
1205 1955 1363 2018 pars
1407 1937 1605 2006 laeva
1648 1943 1755 2006 est
1796 1940 2164 2021 avidaeque
2209 1941 2486 2008 adsueta
2529 1939 2820 2021 rapinae,

950 2041 1157 2124 Quam
1204 2061 1396 2111 cruor
1438 2049 1511 2110 et
1554 2047 1787 2114 caedes
1830 2046 2135 2128 bellaque
2179 2063 2432 2128 semper
2474 2047 2740 2114 habent.

864 2147 1149 2230 Cumque
1192 2149 1283 2216 sit
1324 2149 1617 2218 hibernis
1663 2153 1990 2235 agitatum
2035 2153 2343 2220 fluctibus
2388 2171 2648 2234 aequor,

951 2254 1231 2322 Pectora
1275 2261 1432 2323 sunt
1474 2257 1613 2338 ipso
1657 2258 2026 2326 turbidiora
2067 2260 2254 2326 mari.

774 2385 829 2427 ³⁵
861 2359 1003 2443 Quo
1048 2363 1260 2446 magis
1303 2362 1407 2428 his
1452 2361 1649 2430 debes
1694 2365 2049 2449 ignoscere,
2095 2366 2370 2432 candide
2415 2365 2640 2450 lector,

952 2466 1024 2534 Si
1069 2486 1185 2549 spe
1228 2472 1399 2553 sunt,
1447 2473 1525 2534 ut
1568 2476 1741 2553 sunt,
1786 2470 2105 2538 inferiora
2149 2477 2286 2540 tua.

866 2572 1011 2639 Non
1053 2574 1219 2641 haec
1262 2574 1334 2641 in
1376 2575 1634 2660 nostris,
1678 2583 1757 2645 ut
1802 2579 2143 2663 quondam,
2189 2578 2564 2662 scripsimus
2611 2577 2838 2663 horus,

954 2680 1107 2765 Nec,
1153 2686 1475 2767 consuete,
1520 2702 1749 2767 meum,
1794 2685 2054 2765 lectule,
2099 2702 2332 2767 corpus
2375 2687 2595 2755 habes.

867 2787 1089 2854 Iactor
1130 2787 1203 2853 in
1244 2787 1558 2855 indomito
1603 2790 1890 2857 brumali
1931 2791 2077 2859 luce
2120 2792 2459 2876 profundo,

778 2918 835 2957 ιο
953 2893 1237 2977 Ipsaque
1282 2896 1603 2963 caeruleis
1648 2897 1886 2965 charta
1928 2897 2170 2965 feritur
2215 2899 2421 2980 aquis.

868 2999 1177 3082 Improba
1220 3006 1476 3085 pugnat
1518 3002 1725 3070 hiems
1769 3004 2297 3089 indignaturque,
2344 3007 2514 3087 quod
2560 3006 2769 3073 ausim

959 3106 1259 3174 Scribere
1302 3126 1375 3175 se
1416 3109 1668 3192 rigidas
1712 3111 2076 3179 incutiente
2121 3112 2346 3179 minas.

871 3212 1113 3280 Vincat
1156 3214 1362 3281 hiems
1405 3216 1753 3283 hominem!
1800 3218 1918 3285 sed
1961 3218 2184 3283 eodem
2229 3222 2534 3299 tempore,
2581 3233 2836 3298 quaeso,

959 3320 1109 3401 Ipse
1155 3321 1409 3387 modum
1455 3326 1746 3388 statuam
1794 3324 2118 3407 carminiS,
2162 3322 2280 3388 illa
2323 3322 2441 3388 sui.

1550 3576 1663 3646 No.
1695 3577 1788 3648 38
1835 3576 1947 3662 (tr.
1993 3575 2099 3642 HI
2129 3574 2217 3661 3).

1317 3749 1732 3818 Krankheit
1772 3748 1923 3815 und
1965 3747 2456 3817 Todesahnen.

872 3921 1058 3991 Haec
1102 3942 1265 4007 mea,
1310 3924 1369 3990 si
1414 3942 1572 3990 casu
1615 3922 1894 4007 mirariS,
1939 3924 2222 4005 epistula
2267 3941 2470 4005 quare

962 4029 1258 4097 Alterius
1304 4029 1530 4113 digitis
1572 4029 1823 4111 scripta
1867 4029 1981 4096 sit:
2028 4048 2228 4114 aeger
2273 4047 2469 4097 eram.

712 4236 801 4294 1⁰.
872 4242 1112 4293 contento
1184 4234 1348 4289 etraff
1394 4238 1693 4307 gespannt,
1746 4236 1852 4289 mit
2074 4238 2168 4293 80.
2228 4237 2516 4307 profundo
2573 4236 3009 4292 Substantivum.

607 4308 869 4375 aquilone
902 4324 971 4361 zu
1004 4322 1103 4359 ver
1142 4305 1327 4358 inden.
2077 4307 2170 4363 40.
2240 4306 2454 4382 charta]
2637 4306 2726 4361 Pa
2766 4305 2876 4377 ier,
2917 4304 3023 4359 auf
3052 4305 3178 4358 dem

711 4376 805 4433 25.
877 4375 1130 4446 σαίρω-ο]
1164 4379 1403 4445 gesem,
1451 4374 1545 4429 ich
1581 4374 1731 4431 habe
1766 4390 1850 4429 er·
1935 4374 2038 4431 der
2071 4376 2312 4433 Dichter
2343 4378 2619 4446 schreibt3
2655 4394 2732 4449 vg
2753 4416 2767 4430 .
2804 4392 2875 4429 su
2911 4374 2982 4430 V.
3009 4374 3074 4429 17
3079 4414 3098 4459 ⁶.

610 4444 809 4501 reicht.
2079 4446 2188 4503 No.
2222 4447 2315 4502 88.
2398 4449 2453 4505 1.
2523 4449 2577 4501 a·
2625 4446 2779 4516 casu]
2834 4459 2994 4499 wenn
3045 4443 3177 4498 nel-

681 4514 773 4570 30.
844 4514 1085 4583 titulum]
1153 4512 1357 4567 Buhm.
1938 4514 2142 4587 leicht3
2179 4516 2434 4589 hssufiger
2465 4517 2616 4571 steht
2650 4515 2816 4571 daflu·
2847 4514 2898 4567 si
2931 4512 3094 4568 forte.
