3684 5275
605 366 692 434 10
1699 374 1891 427 Erster
1934 372 2079 426 Teil.

871 540 1399 619 Hadriacumque
1443 541 1679 619 patens
1723 536 1881 620 late,
1926 535 2372 617 bimaremque
2418 536 2801 605 Corinthon:

961 647 1072 714 Sic
1116 644 1302 713 venit
1345 645 1434 711 ad
1477 648 1721 727 portus,
1767 641 2000 709 Attica
2046 646 2247 727 terra,
2292 646 2458 709 tuos.

785 782 840 821 aa
871 754 1000 819 Hic
1043 753 1321 835 primum
1366 751 1537 819 sedit
1581 749 1798 833 gelido
1845 748 2281 816 maestissima
2326 768 2511 816 saxo:

962 859 1137 925 Illud
1183 857 1576 940 Cecropidae
1619 874 1792 923 nunc
1836 874 2091 938 quoque
2135 855 2331 922 triste
2375 860 2632 925 vocant.

876 966 1010 1034 Sub
1055 966 1215 1032 Iove
1259 964 1530 1031 duravit
1572 963 1798 1030 multis
1841 963 2093 1029 inmota
2139 963 2383 1049 diebuS,

963 1072 1058 1139 Et
1099 1072 1298 1139 lunae
1341 1070 1599 1153 patiens
1645 1074 1716 1136 et
1758 1068 2071 1152 pluvialis
2115 1088 2345 1150 aquae.

874 1180 1044 1247 Fors
1089 1197 1210 1246 sna
1255 1179 1488 1260 cuique
1532 1179 1672 1246 loco
1718 1183 1836 1245 est.
1928 1198 2054 1261 qno
2099 1198 2273 1246 nunc
2317 1178 2591 1247 Cerialis
2638 1180 2909 1248 Eleusin

787 1313 842 1353 oo
961 1286 1240 1365 Dicitur,
1284 1287 1407 1353 hoc
1453 1286 1629 1352 Celei
1673 1304 1833 1351 rura
1878 1284 2063 1353 fuere
2109 1287 2297 1353 senis

874 1392 1000 1459 Ille
1043 1393 1298 1460 domum
1342 1392 1616 1475 glandes
1661 1410 2061 1473 excussaque
2104 1411 2286 1459 mora
2328 1394 2581 1461 rubetis

962 1500 1203 1565 Portat
1247 1504 1316 1566 et
1361 1499 1608 1565 arsuris
1654 1499 1842 1565 arida
1886 1499 2070 1583 ligna
2114 1499 2293 1566 focis.

875 1605 1052 1672 Filia
1095 1625 1308 1687 parva
1353 1606 1517 1673 duas
1561 1606 1909 1689 redigebat
1952 1624 2115 1689 rupe
2161 1607 2465 1690 capellas,

581 1730 599 1778 1
964 1714 1058 1780 Et
1103 1718 1294 1779 tener
1335 1713 1404 1778 in
1450 1713 1632 1779 cunis
1676 1712 1848 1779 filius
1892 1732 2095 1797 aeger
2139 1718 2303 1780 erat.

598 1781 627 1812 χ
787 1846 842 1886 95
873 1820 1152 1885 ‘Materl’
1201 1820 1300 1885 ait
1343 1819 1531 1901 virgo
1577 1856 1666 1866 —
1709 1823 1889 1885 mota
1934 1824 2039 1887 est
2082 1822 2207 1886 1188
2248 1820 2503 1887 1101111118
2548 1821 2782 1887 matris
2826 1857 2914 1868 —

967 1926 1156 2010 ‘Quid
1199 1925 1366 1991 facis
1411 1926 1478 1989 in
1525 1924 1679 1992 solis
1723 1926 2113 1992 incomitata
2157 1926 2315 1993 locis
2325 1925 2375 1991 ’θ’

877 2032 1155 2099 Restitit
1200 2038 1269 2098 et
1313 2034 1547 2115 senior,
1595 2033 1892 2114 quamvis
1938 2052 2097 2100 onus
2142 2038 2355 2117 urget,
2402 2038 2471 2099 et
2516 2030 2710 2118 orat,'

965 2139 1172 2204 Tecta
1216 2158 1376 2205 81188
1420 2140 1658 2205 subeat
1704 2139 2297 2221 quantulacumque
2342 2158 2553 2206 casae.

875 2246 1003 2311 Illa
1046 2252 1265 2327 negat.
1357 2244 1702 2311 simularat
1747 2264 1961 2329 anum,
2006 2247 2332 2327 mitraque
2379 2247 2647 2328 capillos

755 2380 840 2418 100
959 2352 1321 2417 Presserat.
1413 2352 1694 2418 instanti
1738 2352 1906 2418 talia
1951 2353 2131 2419 dicta
2176 2353 2408 2419 refert:

875 2457 1126 2540 ‘Sospes
1171 2476 1300 2541 eas,
1347 2476 1723 2539 semperque
1768 2460 2033 2540 parens!
2080 2459 2239 2525 mihi
2282 2458 2420 2525 filia
2462 2464 2663 2540 rapta
2708 2464 2828 2527 est.

963 2565 1138 2631 Heu!
1185 2564 1413 2631 melior
1459 2568 1701 2646 quanto
1747 2583 1889 2631 sors
1933 2570 2054 2632 tua
2099 2570 2276 2632 sorte
2319 2585 2465 2633 mea
2511 2564 2662 2632 est?
2888 2649 2901 2664 ,

869 2671 1076 2756 Dixit,
1124 2679 1192 2738 et
1239 2677 1314 2738 ut
1359 2672 1668 2738 lacrimae
1712 2709 1801 2719 —
1845 2691 2055 2754 neque
2087 2674 2255 2739 enim
2286 2673 2632 2741 lacrimare
2664 2675 2926 2740 deorum
2957 2677 3061 2740 est
3089 2709 3179 2720 —-

959 2778 1224 2845 Decidit
1267 2779 1336 2844 in
1383 2779 1637 2862 tepidos
1682 2780 1900 2858 lucida
1944 2784 2141 2862 gutta
2186 2781 2381 2848 sinus.

754 2911 834 2950 105
865 2882 1065 2951 Flent
1110 2886 1363 2969 pariter
1404 2887 1630 2953 molles
1678 2887 1913 2953 animis
1958 2887 2277 2970 virgoque
2321 2905 2662 2971 senexque,

956 2991 1017 3057 E
1065 2993 1299 3073 quibus
1342 2993 1507 3060 haec
1550 2995 1710 3060 iusti
1755 2995 1964 3060 verba
2008 2993 2194 3060 fuere
2239 2994 2439 3060 senis:

871 3097 996 3163 ‘Sic
1040 3099 1182 3181 tibi,
1229 3118 1422 3180 quam
1468 3104 1729 3181 raptam
1773 3101 2087 3183 quereris,
2132 3101 2221 3166 sit
2265 3101 2401 3167 filia
2446 3119 2685 3183 sospes,

959 3204 1184 3288 Surge,
1229 3224 1350 3271 nec
1395 3205 1672 3289 exiguae
1717 3207 1975 3287 despice
2019 3212 2201 3272 tecta
2246 3209 2471 3274 casae!

869 3310 988 3376 Cui
1031 3312 1157 3377 dea
1202 3313 1385 3377 ‘duel’
1431 3313 1644 3394 inquit
1692 3313 1912 3396 ‘scisti,
1959 3332 2089 3394 qua
2134 3332 2368 3395 cogere
2413 3313 2674 3394 posses?

750 3443 832 3482 no
951 3416 1164 3498 Seque
1209 3417 1394 3484 levat
1437 3437 1612 3502 saxO,
1659 3419 2207 3500 subsequiturque
2253 3436 2487 3485 senem.

864 3523 1018 3590 Dux
1064 3523 1285 3589 comiti
1329 3532 1580 3608 narrat,
1626 3544 1819 3606 quam
1866 3525 1955 3591 sit
1999 3524 2127 3591 sibi
2170 3525 2341 3592 filius
2387 3544 2601 3608 aeger,

953 3631 1092 3696 Nec
1137 3631 1359 3712 capiat
1402 3649 1655 3698 somnos
1698 3631 2134 3714 invigiletque
2177 3632 2385 3698 malis.

863 3735 992 3801 Illa
1037 3736 1480 3820 soporiferum,
1525 3756 1763 3819 parvos
1807 3737 2057 3804 initura
2101 3743 2391 3823 penates,

955 3843 1219 3925 Colligit
1264 3844 1512 3927 agresti
1558 3844 1705 3910 lene
1749 3863 2042 3926 papaver
2087 3847 2295 3912 humo.

748 3975 828 4014 ιιι»
859 3947 1030 4014 Dum
1075 3948 1256 4032 legit,
1302 3951 1504 4017 oblito
1552 3949 1767 4016 fertur
1811 3956 2114 4034 gustasse
2158 3952 2403 4036 palat0,

734 4163 827 4222 86.
895 4167 1070 4238 msto]
1121 4161 1419 4234 ἀγέλαστος
1464 4163 1665 4235 πέτρας
1721 4185 1755 4220 v
1795 4167 1832 4221 l.
2096 4167 2187 4223 99.
2258 4169 2441 4238 mitra]
2478 4167 2786 4238 Kopftueh.
3156 4225 3165 4232 ,

594 4231 758 4288 Hom.
777 4234 971 4304 hymn.
990 4235 1112 4290 Cer.
1131 4235 1251 4290 200.
1301 4233 1479 4290 Bekk.
1501 4237 1746 4291 anemis
1784 4237 1831 4290 7.
2063 4237 2188 4292 101.
2259 4253 2465 4306 semper
2502 4239 2733 4308 parens]
2770 4263 2842 4285 =
2876 4255 3159 4310 nunquam

733 4303 823 4360 87.
873 4307 976 4361 sub
997 4305 1146 4375 Iove]
1171 4311 1334 4359 unter
1354 4307 1548 4362 freiem
1574 4305 1836 4360 Himmel.
1920 4305 2164 4359 orbatus.

733 4375 824 4432 91.
858 4375 1108 4449 glandes]
1131 4376 1224 4430 1118
1241 4375 1487 4431 Friichte
1507 4378 1605 4431 der
1617 4375 1831 4447 Speise·
1926 4381 1932 4386 '
2060 4375 2185 4430 112.
2257 4376 2508 4444 inviqilet
2540 4377 2719 4447 malis]
2756 4383 2918 4432 unter
2942 4378 3158 4442 Qualen

591 4445 766 4500 eiche.
1920 4443 2009 4498 die
2047 4443 2265 4499 Nachte
2302 4445 2676 4500 durchwacht.

731 4515 822 4572 97.
894 4517 1118 4586 restitit]
1155 4515 1308 4571 blieb
1346 4517 1556 4572 stehen.
2060 4514 2183 4570 114.
2257 4515 2395 4584 lene]
2430 4514 2918 4570 schmerzstillend.
