3684 5275
1415 448 1518 505 No.
1543 450 1611 504 25
1649 449 1764 519 (111
1789 450 2104 520 ‘zm-790).
2919 446 2927 454 ·
2954 454 3041 519 59

735 624 912 691 Ecce
955 624 1122 691 libet
1164 624 1416 691 subitos
1459 624 1670 707 pisces
1715 625 2186 709 Tyrrhenaque
2237 631 2527 693 monstra

829 730 1090 798 Dicere:
1139 733 1255 797 sed
1297 748 1427 797 non
1473 736 1576 798 est
1620 730 1926 797 carminis
1969 732 2163 799 huius
2208 751 2387 815 opus.

743 836 1060 903 Carminis
1103 836 1298 903 huius
1343 854 1504 920 opus
1549 856 1785 905 causas
1829 857 2223 921 expromere,
2269 858 2472 920 quare

834 943 1004 1010 Vilis
1049 962 1213 1009 anus
1256 944 1528 1026 populos
1573 946 1660 1009 ad
1702 963 1823 1010 sua
1868 944 2005 1010 liba
2050 949 2258 1011 vocet.

658 1073 714 1114 ιε
743 1048 917 1117 Ante
961 1054 1111 1117 tuos
1155 1054 1340 1117 ortus
1385 1068 1544 1117 arae
1587 1050 1730 1117 sine
1773 1051 2019 1117 honore
2062 1050 2348 1136 fuerunt,

833 1157 1054 1241 Liber,
1101 1162 1171 1223 et
1213 1157 1284 1222 in
1329 1156 1565 1240 gelidis
1609 1157 1818 1223 herba
1862 1162 2130 1239 reperta
2173 1156 2351 1224 focis.

746 1264 842 1329 Te
885 1268 1248 1329 memorant
1293 1263 1524 1346 Gange
1569 1267 1838 1345 totoque
1884 1263 2137 1330 oriente
2181 1266 2455 1331 subacto

835 1369 1176 1435 Primitias
1220 1387 1456 1453 magno
1502 1370 1867 1451 seposuisse
1910 1369 2074 1436 Iovi.

751 1475 1066 1542 cinnama
1109 1480 1186 1541 tu
1230 1477 1477 1558 primus
1522 1476 1920 1558 captivaque
1962 1481 2121 1541 tura
2163 1477 2403 1542 dedisti

663 1608 718 1648 20
837 1581 1066 1664 Deque
1111 1581 1514 1665 triumphato
1560 1582 1818 1648 viscera
1862 1586 2043 1649 tosta
2086 1583 2273 1650 bove.

751 1688 1026 1756 Nomine
1071 1688 1157 1755 ab
1203 1688 1491 1754 auctoris
1536 1688 1784 1753 ducunt
1827 1688 2157 1755 libamina·
2191 1706 2421 1756 nomen

842 1794 1158 1887 Libaque,
1206 1795 1379 1875 quod
1421 1794 1628 1861 sacris
1673 1812 1830 1875 pars
1876 1796 2075 1861 datur
2116 1795 2269 1861 inde
2314 1794 2493 1861 focis.

754 1900 925 1967 Liba
970 1900 1090 1966 deo
1133 1900 1318 1984 fiunt,
1361 1901 1535 1967 sucis
1580 1901 1736 1981 quia
1783 1901 2081 1967 dulcibus
2126 1901 2296 1967 idem

848 2006 1130 2089 Gaudet,
1177 2011 1248 2073 et
1292 2026 1335 2072 a
1378 2007 1638 2073 Baccho
1682 2006 1881 2073 mella
1924 2012 2193 2089 reperta
2234 2006 2476 2073 ferunt.

669 2139 726 2181 25
753 2113 911 2181 Ibat
954 2114 1272 2180 harenoso
1317 2114 1564 2196 satyris
1609 2114 1959 2179 comitatus
2004 2113 2089 2179 ab
2136 2114 2379 2195 Hebro,
2420 2150 2514 2161 -—

846 2221 992 2287 Non
1037 2220 1244 2286 habet
1286 2220 1584 2303 ingratos
1629 2218 1864 2286 fabula
1905 2224 2134 2286 nostra
2178 2220 2351 2286 iocos
2396 2256 2487 2267 --

760 2327 1030 2408 Iamque
1077 2331 1225 2393 erat
1268 2328 1356 2393 ad
1397 2326 1756 2408 Rhodopen
1800 2326 2243 2409 Pangaeaque
2286 2324 2519 2392 florida
2561 2328 2883 2407 ventum.

850 2432 1196 2499 Aeriferae
1242 2432 1546 2499 comitum
1592 2450 2027 2514 concrepuere
2068 2450 2316 2499 manus.

762 2539 936 2605 Ecce
980 2558 1192 2607 novae
1235 2544 1472 2606 coeunt
1515 2540 1814 2606 volucres
1858 2540 2211 2606 tinnitibus
2258 2543 2468 2620 actae,

677 2671 732 2710 no
852 2647 1157 2731 Quosque
1200 2652 1466 2714 movent
1509 2647 1762 2712 sonitus
1809 2665 1983 2730 aera,
2028 2651 2389 2727 sequuntur
2436 2663 2609 2727 apes.

767 2753 1034 2836 Colligit
1080 2757 1376 2819 errantes
1423 2758 1494 2820 et
1535 2753 1606 2819 in
1652 2755 1890 2819 arbore
1936 2753 2185 2818 claudit
2229 2752 2414 2817 inani

857 2859 1076 2942 Liber,
1123 2863 1194 2924 et
1236 2859 1493 2927 inventi
1537 2860 1832 2941 praemia
1877 2858 2089 2924 mellis
2131 2858 2352 2924 habet.

655 2961 664 2968 '
769 2965 866 3032 Ut
908 2965 1124 3048 satyri
1166 2965 1461 3046 levisque
1506 2983 1705 3032 senex
1749 2965 2037 3048 tetigere
2080 2982 2392 3047 saporem,

862 3070 1286 3154 Quaerebant
1329 3069 1535 3138 flavos
1580 3089 1698 3154 per
1741 3089 1967 3137 nemus
2014 3088 2199 3136 omne
2243 3069 2451 3138 favos

684 3202 738 3244 aa
770 3176 977 3244 Audit
1019 3177 1090 3243 in
1135 3195 1333 3244 exesa
1377 3178 1717 3244 stridorem
1768 3177 2085 3243 examinis
2129 3175 2321 3260 ulmo,

860 3283 1122 3366 Aspicit
1167 3289 1237 3350 et
1281 3302 1468 3350 ceras
1513 3283 2009 3365 dissimulatque
2052 3301 2283 3364 senex3

772 3391 995 3472 thue
1040 3391 1229 3474 piger
1271 3391 1473 3472 pandi
1517 3394 1706 3473 tergo
1750 3389 2085 3456 residebat
2129 3389 2335 3471 aselli,

864 3497 1179 3579 Applicat
1221 3496 1396 3562 hunc
1439 3497 1611 3562 ulmo
1657 3496 2135 3576 corticibusque
2180 3494 2380 3560 cavis

779 3603 1092 3670 Constitit
1133 3603 1276 3685 ipse
1319 3621 1516 3685 super
1560 3621 1811 3670 ramoso
1858 3602 2088 3683 stipite
2130 3601 2340 3682 nixus,

688 3738 746 3778 ⁴0
864 3710 1086 3791 Atque
1131 3709 1326 3778 avide
1370 3713 1603 3775 trunco
1649 3709 1916 3774 condita
1958 3706 2155 3772 mella
2197 3705 2388 3788 petit.

619 3885 711 3942 11.
783 3851 1048 3939 Gemeint
1093 3883 1166 3936 ist
1212 3883 1304 3936 die
1339 3881 1762 3952 Verwandluug
1956 3879 2049 3936 29.
2120 3877 2314 3952 novae]
2330 3893 2440 3932 neu
2458 3873 2782 3952 erachaffen,
2797 3873 3097 3946 vgl.v.24;

517 3955 962 4025 Tyrrheniaeher
988 3951 1242 4021 Schiffer‚
1282 3953 1373 4006 die
1397 3952 1505 4004 den
1535 3951 1762 4022 ’ugend·
1852 3949 2099 4020 gemeint
2152 3949 2276 4002 sind
2332 3947 2424 4001 die
2478 3947 2711 4000 Bienen.
2764 3975 2833 3985 —
2886 3943 3098 4011 coeunt]

515 4024 702 4079 lichen
727 4023 986 4080 Bacchus
1022 4039 1214 4093 wegen
1251 4023 1433 4075 seiner
1457 4020 1526 4074 Sc
1569 4021 1765 4074 dnheit
1852 4018 2211 4073 schwfirmen.

517 4093 814 4149 entflihren
869 4092 986 4147 und
1038 4090 1349 4174 verkaufen
1397 4091 1650 4160 wollten,
1703 4091 1763 4143 in
1958 4107 2051 4162 31·
2124 4104 2319 4174 immi]
2354 4101 2510 4156 hom,

515 4163 628 4219 Del
669 4164 833 4233 hi¹²⁶3
866 4167 1000 4217 met·
1035 4159 1126 4214 In
1151 4161 1253 4215 597
1266 4159 1325 4214 ff·
1958 4194 2052 4248 33.
2123 4191 2259 4245 levis
2278 4186 2463 4261 senex]
2497 4187 2731 4242 Silenus.
2757 4217 2828 4227 --
2856 4186 3102 4255 tetigere]

625 4234 716 4359 lg:
778 4229 1582 4373 miggasshffgpffissffifige
1646 4299 1767 4368 <der
1859 4262 2106 4317 niimlich
2144 4261 2313 4314 dente
2347 4258 2484 4313 oder
2516 4258 2739 4328 lingua:
2782 4256 3060 4324 ,heustena

519 4371 742 4442 Beate).
1962 4349 2053 4404 38.
2125 4344 2398 4416 applicat]
2434 4345 2608 4398 treibt
2642 4345 2836 4398 heran.

625 4440 718 4498 28.
786 4441 931 4508 fiunt
977 4439 1199 4494 werden
1223 4437 1343 4491 ihm
1368 4437 1767 4508 dargebracht.
1963 4435 2055 4490 30.
2126 4433 2309 4502 super]
2334 4431 2579 4485 niimlich
2612 4428 2718 4484 auf
2736 4429 2842 4484 den
2867 4428 3099 4482 Riicken

627 4511 720 4567 28.
789 4513 912 4565 aori
935 4511 1085 4579 erae]
1122 4506 1398 4578 Cymbeln
1435 4507 1549 4560 und
1575 4506 1768 4560 Hand·
1856 4505 1957 4558 des
1993 4502 2165 4556 Esele.

525 4580 751 4652 peuken
789 4580 1124 4650 (tympana).
