3684 5275
1538 422 1642 479 No.
1667 425 1737 480 57
1772 423 1862 496 (Ε.
1897 425 1962 482 Ρ.
1999 427 2030 480 Ι
2053 427 2129 498 8).
2995 432 3121 499 131

899 598 1177 666 Fumum
1222 599 1303 665 de
1344 598 1581 680 patriis
1626 617 1814 683 posse
1859 601 2087 670 videre
2131 602 2314 671 focis.

722 731 778 774 aa
807 704 1041 773 Nescio
1086 723 1216 786 qua
1259 704 1487 772 natale
1530 706 1738 773 solum
1781 707 2125 776 dulcedine
2169 714 2438 778 cunctos

899 811 1118 895 Ducit,
1164 815 1235 878 et
1278 811 1662 880 inmemores
1704 831 1835 881 non
1881 815 2045 882 sinit
2089 833 2231 883 esse
2275 816 2394 886 sui.

811 917 981 1003 Quid
1025 917 1257 986 melius
1300 916 1550 988 Roma?
1626 918 1936 1003 Scythico
1982 922 2139 1004 quid
2182 921 2431 1006 frigore
2475 923 2702 1005 peius?

898 1025 1047 1092 Huc
1090 1029 1313 1092 tamen
1358 1043 1443 1091 ex
1484 1024 1606 1091 illa
1648 1025 1974 1094 barbarus
2017 1029 2182 1095 urbe
2224 1027 2419 1114 fugit.

810 1131 967 1198 Cum
1011 1132 1181 1199 bene
1222 1131 1315 1198 sit
1358 1130 1622 1198 clausae
1666 1149 1874 1201 cavea
1915 1133 2254 1202 Pandione
2294 1141 2515 1220 natae,

720 1265 777 1305 ιο
892 1238 1151 1306 Nititur
1192 1237 1265 1304 in
1310 1237 1517 1304 silvas
1560 1237 1680 1304 illa
1722 1239 1942 1306 redire
1983 1259 2154 1308 suas.

807 1344 1134 1412 Adsuetos
1177 1343 1359 1410 tauri
1402 1343 1631 1429 saltus,
1678 1346 1959 1413 adsueta
1999 1346 2220 1414 leones
2262 1385 2354 1396 —

894 1451 1033 1517 Nec
1075 1447 1313 1516 feritas
1356 1449 1503 1517 illos
1548 1451 1822 1533 impedit
1866 1489 1958 1500 —
2001 1457 2201 1520 antra
2243 1460 2497 1536 petunt.

806 1557 911 1624 Tu
954 1562 1177 1623 tamen
1221 1555 1405 1622 exiiii
1448 1575 1699 1624 morsus
1744 1577 1781 1625 e
1824 1563 2091 1640 pectore
2135 1565 2361 1628 nostro

894 1663 1233 1730 Fomentis
1277 1681 1505 1745 speras
1550 1663 1779 1731 cedere
1823 1651 2014 1747 posse
2057 1666 2209 1733 tuis,

716 1797 773 1838 ω
804 1769 1032 1854 Effice,
1076 1787 1195 1837 vos
1236 1769 1369 1852 ipsi
1412 1789 1498 1837 ne
1540 1773 1681 1838 tam
1722 1771 1888 1838 mihi
1929 1771 2079 1840 sitis
2125 1773 2402 1856 amandi,

897 1876 1171 1944 Talibus
1212 1879 1292 1943 ut
1334 1875 1548 1944 levius
1593 1877 1685 1944 sit
1730 1877 2020 1946 caruisse
2062 1879 2322 1946 malum.

804 1983 915 2068 At,
961 1987 1139 2067 puto,
1185 1999 1317 2065 qua
1360 1981 1615 2050 fueram
1659 1984 1945 2069 genitus,
1988 1985 2228 2052 tellure
2273 1986 2527 2052 carenti

892 2090 973 2156 In
1018 2095 1240 2156 tamen
1282 2089 1568 2157 humano
1613 2090 1896 2173 contigit
1939 2108 2082 2158 esse
2125 2091 2283 2159 loco.

802 2195 997 2263 Orbis
1041 2196 1113 2262 in
1158 2195 1438 2262 extremi
1482 2196 1665 2264 iaceo
1712 2199 2012 2264 desertus
2055 2197 2339 2283 harenis,

716 2329 770 2370 ω
887 2302 1056 2370 Fert
1100 2302 1215 2369 ubi
1258 2306 1613 2385 perpetuas
1656 2304 1896 2370 obruta
1941 2309 2126 2370 terra
2168 2305 2374 2372 nives.

799 2409 945 2477 Non
990 2427 1153 2493 ager
1194 2409 1305 2477 hic
1347 2425 1622 2494 pomum,
1667 2427 1797 2477 non
1842 2410 2064 2478 dulces
2109 2411 2348 2478 educat
2393 2410 2650 2494 herbas,

889 2516 1037 2583 Non
1080 2515 1319 2582 salices
1361 2516 1527 2601 ripa,
1570 2518 1811 2584 robora
1854 2522 2078 2584 monte
2120 2517 2360 2586 virent.

800 2623 985 2691 Neve
1029 2621 1271 2690 iretum
1317 2622 1545 2691 laudes
1590 2627 1773 2691 terra
1816 2623 2046 2707 magis,
2093 2642 2379 2706 aequora
2423 2642 2678 2707 semper

889 2730 1250 2797 Ventorum
1296 2729 1482 2795 rabie
1526 2729 1770 2797 solibus
1814 2731 1978 2796 orba
2022 2734 2296 2797 tument.

712 2860 769 2900 ω
798 2834 1214 2918 Quocumque
1258 2834 1555 2919 aspicies,
1600 2835 1815 2917 campi
1859 2836 2110 2903 cultore
2155 2840 2454 2903 carentes

888 2940 1249 3024 Vastaque,
1293 2958 1466 3021 quae
1510 2958 1697 3009 nemo
1742 2941 2055 3025 vindicet,
2101 2959 2268 3009 arva
2309 2942 2550 3009 iacent.

799 3046 1029 3113 Hostis
1074 3047 1267 3115 adest
1310 3047 1549 3113 dextra
1590 3046 1915 3128 laevaque
1961 3065 2003 3113 a
2044 3052 2239 3130 parte
2283 3048 2628 3133 timendus,

887 3154 1249 3235 Vicinoque
1291 3158 1472 3219 metu
1516 3158 1729 3219 terret
1770 3158 2121 3235 utrumque
2162 3154 2361 3221 latus.

792 3260 1029 3328 Altera
1072 3260 1408 3327 Bistonias
1450 3278 1607 3342 pars
1651 3264 1755 3327 est
1795 3277 2070 3327 sensura
2112 3261 2413 3329 sarissas:

705 3394 760 3434 σο
878 3368 1117 3434 Altera
1161 3366 1535 3435 Sarmatica
1578 3366 1833 3448 spicula
1877 3365 2076 3434 missa
2118 3385 2333 3433 manu.

1468 3475 1503 3513 *
1901 3475 1935 3513 ³1·

1684 3520 1719 3557 *

704 3606 759 3647 aa
791 3579 933 3662 Quo
979 3581 1192 3664 magis
1236 3581 1539 3664 ignoscat
1584 3580 1918 3662 sapientia
1962 3584 2192 3647 vestra
2236 3578 2503 3663 dolenti,

880 3686 1010 3770 Qui
1054 3686 1222 3753 iacit
1268 3704 1352 3753 ex
1396 3686 1593 3752 dictis
1636 3704 1768 3754 non
1814 3686 1918 3752 ita
1959 3686 2170 3752 multa
2214 3686 2366 3753 tuis.

789 3792 928 3859 Nec
973 3798 1195 3859 tamen
1242 3792 1507 3875 infitior,
1553 3792 1613 3859 si
1657 3792 1910 3873 possint
1953 3798 2182 3859 nostra
2226 3792 2399 3859 coire

632 3998 726 4055 89.
800 4000 936 4055 benc
990 3999 1051 4051 in
1072 3998 1251 4069 priich
1280 3999 1293 4012 '
1454 3997 1627 4070 Kffig
1662 3999 1777 4052 und
1866 4014 1973 4051 von
1996 3997 2266 4053 Miinnern
2305 3998 2404 4053 der
2428 3998 2466 4053 S
2610 3998 2726 4052 und
2750 3996 3110 4066 Geschiom

530 4070 693 4122 unter
726 4076 891 4141 guter
1018 4084 1151 4139 ege,
1196 4084 1261 4123 ιο
1468 4070 1549 4122 sie
1596 4084 1654 4123 es
1703 4084 1777 4123 an
1860 4068 1958 4121 die
1992 4067 2268 4123 ebenfalls
2302 4070 2360 4122 in
2383 4068 2476 4123 die
2560 4069 2890 4139 erbannung
2923 4066 3110 4139 gehen

528 4134 649 4189 sich
670 4154 825 4261 ξιιμ
859 4144 963 4211 gut
998 4138 1117 4192 hat.
1218 4188 1225 4194 .
1863 4137 2092 4192 muflten
2106 4178 2122 4206 ,
2158 4138 2274 4191 und
2307 4138 2470 4191 sucht
2504 4137 2950 4204 nachzuweisen,
2999 4136 3108 4190 dafl

632 4205 668 4261 4
703 4241 726 4264 .
795 4206 1035 4282 carmi]
1084 4222 1245 4261 wenn
1292 4206 1389 4261 ich
1435 4208 1609 4263 sehon
1658 4214 1777 4262 ent-
1849 4206 1956 4289 ⁴¹3¹
1976 4206 2089 4263 Lon
2123 4206 2562 4289 beneidenswert
2591 4224 2710 4263 war
2743 4205 3110 4289 imi-Verhfflt-

523 4272 732 4329 behren
768 4278 913 4331 muB.
1864 4294 1951 4331 ms
1993 4294 2063 4330 zu
2095 4293 2316 4337 ‚semem
2332 4316 2349 4344 ,
2396 4277 2472 4330 da
2514 4278 2595 4333 sie
2629 4277 2790 4332 nicht
2823 4294 2880 4330 in
2917 4274 3110 4330 solche

628 4344 721 4400 5⁶.
790 4347 1053 4417 vindicet]
1073 4345 1515 4416 beanspruchen.
1568 4346 1654 4401 Ist
1675 4346 1774 4400 der
1864 4345 2220 4401 entsetzliche
2274 4344 2508 4417 Gegend
2562 4348 2838 4401 verbannt
2895 4361 3111 4413 παι-επις

525 4411 878 4469 Kon'unktiv
912 4415 1109 4471 kausal
1147 4415 1285 4471 oder
1318 4415 1697 4471 konsekutiv?
1857 4416 1934 4471 da
1967 4432 2084 4471 war
2118 4431 2177 4469 es
2213 4415 2360 4470 deun
2395 4416 2541 4471 auch
2578 4416 2711 4471 kein
2736 4414 3107 4482 Kunststiick,

663 4484 719 4539 1.
788 4484 979 4539 Inden
989 4485 1113 4541 hier
1125 4482 1769 4557 ausgelauenenVcrscn
1858 4485 1949 4539 die
1969 4484 2354 4556 Verbannung
2371 4485 2475 4540 mit
2498 4487 2657 4540 mehr
2673 4484 2800 4539 Mut
2819 4501 2890 4538 zu
2907 4490 3105 4557 tragon

522 4552 733 4608 61—84
766 4553 893 4626 gibt
914 4552 1063 4609 Ovid
1088 4555 1250 4609 einen
1284 4554 1489 4626 langen
1512 4554 1771 4627 Katalog
1859 4554 1945 4609 als
1979 4572 2038 4609 es
2073 4553 2218 4610 ovid
2253 4571 2500 4626 vex-mag.

2679 4640 2752 4694 9*
2783 4606 2792 4617 .
