3684 5275
1400 443 1502 499 No.
1532 444 1596 500 18
1631 444 1716 515 (11
1737 445 2059 517 475-512).
2933 450 3018 517 33

804 618 898 683 Et
942 619 1055 700 qui
1099 619 1214 687 vix
1258 624 1540 705 poterat,
1584 638 1775 702 posse
1819 626 2086 687 coactus
2131 628 2292 687 erat.

715 725 880 791 Tela
922 725 1086 791 viris
1131 725 1454 806 animique
1501 728 1759 811 cadunt,
1805 726 2171 809 gladiisque
2216 729 2483 794 remotis

802 831 985 896 Dant
1028 832 1235 897 soceri
1281 832 1540 914 generis
1585 834 2049 914 accipiuntque
2089 851 2344 915 manus3

712 938 1176 1029 Laudatasque
1220 942 1450 1004 tenent
1495 943 1706 1022 natas,
1750 944 2067 1019 scutoque
2108 946 2410 1020 nepotem

627 1070 682 1111 50
799 1042 966 1109 Fert
1011 1062 1190 1111 avus.
1281 1044 1392 1109 1116
1435 1045 1606 1110 scuti
1653 1045 1905 1111 dulcior
1948 1064 2103 1111 usus
2149 1052 2309 1111 erat.

713 1150 874 1215 Inde
917 1150 1045 1216 mei
1087 1149 1332 1231 primas
1377 1151 1614 1217 mensis
1659 1151 1991 1217 celebrare
2036 1152 2367 1218 Kalendas

801 1254 1112 1322 Oebaliae
1155 1261 1400 1322 matres
1443 1275 1574 1322 non
1615 1257 1764 1324 leve
1809 1276 2041 1324 munus
2093 1258 2375 1324 habent!

1325 1586 1438 1655 110.
1471 1586 1541 1655 13
1588 1584 1686 1673 (H
1718 1588 2117 1673 475—512).

1221 1776 1633 1861 Apotheoso
1677 1774 1800 1844 1166
1843 1777 2218 1846 Romulus.

704 1967 1012 2033 Proxima
1054 1967 1170 2035 lux
1216 1986 1426 2035 vacua
1471 1974 1589 2034 est.
1682 1972 1755 2033 at
1799 1968 2005 2033 tertia
2050 1968 2230 2032 dicta
2274 1966 2561 2050 Quirino.
2997 1987 3193 2039 16:17.
3219 1986 3389 2045 Febr.

791 2074 919 2157 Qui
962 2078 1150 2140 tenet
1192 2073 1315 2143 hoc
1358 2092 1610 2157 nomen,
1655 2073 1967 2139 Romulus
2013 2079 2168 2139 ante
2214 2072 2366 2138 fuit:

702 2166 857 2246 Si've
903 2181 1074 2260 quod
1118 2181 1316 2246 hasta
1358 2181 1564 2246 ‘curis’
1612 2180 1843 2261 priscis
1890 2185 1993 2245 est
2040 2180 2219 2245 dicta
2262 2180 2541 2263 SabiniS,

821 2286 1108 2352 Bellicus
1154 2306 1196 2351 a
1240 2286 1371 2353 telo
1419 2286 1604 2353 venit
1648 2286 1717 2352 111
1763 2291 1947 2351 astra
1994 2286 2174 2351 deus:

642 2418 668 2457 r,
697 2392 854 2459 Sive
899 2412 1014 2459 suo
1063 2394 1206 2475 regi
1250 2411 1484 2459 nomen
1529 2410 1802 2474 posuere
1847 2391 2167 2475 Quirites:

787 2500 915 2566 Seu
961 2500 1117 2580 quia
1160 2499 1471 2565 Romanis
1517 2499 1823 2564 iunxerat
1868 2498 1981 2563 ille
2028 2496 2243 2563 Cures,

698 2606 862 2672 Nam
907 2612 1102 2689 pater
1147 2606 1544 2687 armipotens
1588 2610 1930 2687 postquam
1977 2622 2151 2671 nova
2194 2604 2451 2671 moenia
2495 2604 2681 2686 vidit,

785 2713 1126 2793 Multaque
1169 2713 1485 2778 Romulea
1529 2710 1706 2777 bella
1750 2715 2022 2791 peracta
2066 2729 2279 2793 manu,

697 2819 1044 2902 ‘Iuppiter,’
1091 2818 1308 2899 inquit
1353 2818 1571 2883 ‘habet
1616 2816 1911 2883 Romana
1952 2817 2252 2896 potentia
2297 2816 2497 2883 vires:

607 2947 661 2986 ιο
779 2922 1130 3008 Sanguinis
1176 2923 1387 2989 officio
1433 2942 1562 2989 non
1610 2926 1762 3006 eget
1807 2921 1926 2986 illa
1969 2922 2114 2987 mei.

692 3029 915 3095 Redde
960 3031 1138 3113 patri
1183 3036 1426 3095 natum.
1518 3029 1816 3111 quamvis
1862 3028 2200 3094 intercidit
2246 3028 2433 3112 alter,

777 3137 907 3202 Pro
953 3154 1024 3202 se
1069 3153 1315 3217 proque
1357 3135 1560 3201 Remo
1608 3135 1720 3216 qui
1763 3134 1923 3198 mihi
1967 3140 2194 3217 restat,
2242 3135 2385 3201 erit.

696 3243 918 3308 “Unus
965 3243 1111 3324 erit,
1158 3260 1347 3322 quem
1392 3247 1469 3307 tu
1513 3241 1706 3307 tolles
1751 3241 1820 3306 in
1868 3241 2130 3306 caerula
2176 3241 2375 3310 caeli”

777 3349 877 3414 Tu
923 3349 1080 3414 mihi
1128 3347 1380 3414 dixisti:
1428 3348 1563 3413 sint
1609 3351 1759 3412 rata
1802 3347 1982 3428 dicta
2025 3347 2241 3414 Iovis!

603 3480 655 3520 15
687 3455 985 3536 Iuppiter
1030 3459 1368 3526 annuerat.
1460 3459 1628 3519 nutu
1673 3451 2100 3518 tremefactus
2146 3457 2421 3535 uterque

777 3560 905 3628 Est
948 3562 1150 3645 polus,
1198 3566 1268 3628 et
1314 3559 1479 3626 caeli
1524 3561 1813 3640 pondera
1858 3559 2067 3625 movit
2112 3558 2322 3624 Atlas,

688 3667 817 3733 Est
859 3668 1056 3751 locus,
1103 3667 1361 3748 antiqui
1409 3666 1698 3747 Capreae
1744 3665 1969 3729 dixere
2013 3664 2341 3744 paludem:

776 3774 980 3840 Forte
1024 3775 1160 3840 tuis
1204 3773 1360 3856 illic,
1406 3771 1696 3854 Romule,
1741 3770 1891 3836 iura
1935 3770 2157 3835 dabas.

689 3882 799 3948 Sol
844 3880 1038 3962 fugit,
1084 3886 1153 3945 et
1197 3881 1539 3947 removent
1583 3877 1935 3943 subeuntia
1979 3876 2206 3941 nubila
2250 3875 2533 3942 666111111-

601 4013 654 4052 20
773 3988 866 4054 Et
910 3986 1136 4069 gravis
1182 3985 1402 4052 effusis
1448 3983 1692 4050 decidit
1736 3982 1945 4047 imber
1990 3983 2192 4064 aquis.

689 4093 860 4159 Hinc
903 4097 1112 4175 tonat,
1158 4092 1310 4156 hinc
1355 4091 1568 4156 missis
1616 4089 2029 4170 abrumpitur
2070 4089 2334 4171 ignibus
2381 4089 2623 4153 aether.

775 4199 890 4265 Fit
934 4198 1113 4281 fuga,
1160 4217 1276 4263 rex
1320 4196 1556 4277 patriis
1602 4200 1787 4261 astra
1828 4195 2103 4276 petebat
2148 4194 2348 4273 equis.

3022 3209 3253 3264 Ennius

2990 3297 3180 3351 annal.
3206 3301 3299 3354 66.

525 4431 631 4489 No.
669 4434 760 4487 13.
834 4434 888 4486 1.
959 4431 1154 4502 vacua]
1189 4430 1435 4484 niimlich
1473 4431 1660 4484 666116.
1853 4428 1945 4484 13.
1982 4425 2222 4500 caerula]
2236 4427 2480 4480 niimlich
2494 4427 2705 4496 templa
2716 4427 2985 4498 (Hallen).

561 4503 617 4557 7.
678 4503 868 4571 pater]
903 4501 999 4555 des
1036 4501 1315 4568 Quirinus,
1354 4499 1520 4554 Mars.
1852 4498 1943 4554 19.
2011 4498 2301 4566 removent]
2318 4497 2611 4551 entziehen
2630 4497 2755 4551 dem
2766 4496 2984 4553 Blicke.

526 4570 616 4626 10.
686 4573 980 4640 sanquinis
1009 4569 1141 4645 mci]
1185 4571 1396 4624 1661666
1433 4569 1658 4623 Sohnes.
1852 4567 1944 4622 21.
2016 4567 2381 4636 abrumpitur]
2419 4568 2555 4620 wird
2589 4565 2895 4636 gespalten.

507 4674 752 4724 Brandt,
781 4674 1054 4717 Louentiicke
1080 4685 1162 4715 666
1189 4673 1321 4716 ovid.
2605 4653 2637 4706 3
