3684 5275
1518 429 1623 502 No.
1649 428 1718 484 32
1757 433 1848 499 (tr.
1885 430 1916 484 I
1939 431 2012 500 3).
2968 437 3047 500 77

657 626 712 667 ιο
744 601 814 670 Si
858 602 1017 670 licet
1062 603 1373 685 exemplis
1414 604 1485 670 in
1526 605 1753 686 parvis
1796 605 2158 688 grandibus
2201 607 2320 689 uti,

834 709 1019 777 Haec
1060 709 1268 778 facies
1312 710 1567 794 Troiae,
1614 729 1759 798 cum
1804 717 2170 796 caperetur,
2215 717 2382 780 erat.

746 815 1017 898 Iamque
1060 817 1485 898 quiescebant
1529 835 1723 885 voces
1768 817 2224 900 hominumque
2270 837 2644 902 canumque,

834 922 1153 1004 Lunaque
1196 927 1547 999 nocturnos
1592 924 1735 992 alta
1778 924 2057 1006 regebat
2097 942 2316 1006 equos.

746 1029 935 1095 Hanc
979 1046 1101 1112 ego
1146 1029 1507 1111 suspiciens
1550 1034 1621 1096 et
1675 1031 1759 1096 ab
1805 1030 1932 1098 hac
1978 1030 2305 1113 Capitolia
2349 1051 2640 1118 cernens,

658 1161 715 1202 ao
832 1133 1015 1218 Quae
1057 1139 1285 1204 nostro
1330 1135 1583 1202 trustra
1626 1135 1856 1202 iuncta
1899 1135 2086 1204 fuere
2128 1137 2275 1223 lari,

743 1241 1043 1308 ‘Numina
1086 1242 1323 1312 vicinis
1365 1242 1746 1310 habitantia.
1790 1243 2087 1327 sedibus’‚
2131 1243 2408 1326 inquam-

828 1348 1119 1430 ‘Iamque
1162 1349 1367 1416 oculis
1408 1367 1757 1430 numquam
1800 1349 2050 1431 templa
2092 1351 2378 1418 videnda
2422 1352 2601 1436 meiS,

538 1521 543 1530 ,
627 1491 639 1512 r
672 1488 680 1498 ψ
740 1454 957 1536 Dique
998 1455 1425 1539 relinquendi,
1470 1473 1633 1536 quos
1674 1455 1835 1522 urbs
1880 1456 2086 1523 habet
2130 1457 2270 1524 alta
2316 1457 2616 1542 QuiriniJ

827 1560 995 1629 Este
1038 1562 1317 1628 salutati
1359 1566 1615 1643 tempus
1658 1561 1730 1628 in
1775 1580 1962 1630 omne
2005 1563 2191 1631 mihil

653 1693 709 1734 as
737 1665 834 1733 Et
878 1686 1269 1749 quamquam
1315 1685 1474 1760 sero·
1507 1667 1785 1750 clipeum
1830 1673 1982 1750 post
2024 1669 2302 1737 vulnera
2347 1687 2546 1754 sume,

828 1775 1147 1842 Attamen
1186 1775 1361 1842 hanc
1403 1773 1569 1840 odiis
1612 1779 1968 1840 exonerate
2011 1774 2255 1859 fugam,

740 1879 1153 1962 Caelestique
1196 1881 1361 1964 viro,
1403 1880 1551 1961 quis
1595 1898 1699 1946 me
1744 1881 2079 1963 deceperit
2123 1899 2324 1965 error,

829 1986 1067 2070 Dicite,
1110 2005 1229 2069 pro
1275 1986 1469 2068 culpa
1510 2004 1596 2052 ne
1638 1986 1854 2054 scelus
1899 2004 2042 2052 esse
2085 1989 2302 2068 putet!

740 2093 837 2160 Ut
880 2093 1051 2175 quod
1095 2110 1213 2161 vos
1257 2093 1459 2176 scitia
1503 2110 1753 2174 poenae
1797 2109 2053 2174 quoque
2096 2092 2346 2160 sentiat
2389 2099 2638 2178 auctor,

652 2226 709 2266 ιο
826 2200 1102 2267 Placato
1147 2217 1407 2282 possum
1450 2217 1583 2266 non
1625 2199 1823 2266 miser
1869 2215 2014 2266 esse
2058 2200 2214 2266 deo?

737 2307 882 2374 Hac
924 2325 1119 2389 prece
1165 2306 1441 2372 adoravi
1484 2322 1753 2387 superos
1798 2323 1938 2388 ege,
1983 2304 2282 2387 pluribus
2323 2324 2506 2390 uxor,

825 2413 1133 2496 Singultu
1178 2413 1423 2480 medios
1464 2410 1864 2493 impediente
1907 2429 2114 2478 sonos,

726 2507 868 2585 'Illa
912 2520 1114 2586 etiam
1158 2523 1317 2586 ante
1360 2518 1535 2586 lares
1578 2517 1791 2600 passis
1836 2518 2142 2584 adstrata
2188 2517 2442 2598 capillis

830 2626 1124 2711 Contigit
1168 2626 1493 2695 extinctos
1536 2642 1649 2690 ore
1694 2626 2021 2690 tremente
2065 2622 2259 2707 focos,

651 2758 706 2799 ιο
736 2732 1078 2815 Multaque
1120 2732 1191 2799 in
1237 2734 1547 2799 adversos
1600 2730 1831 2796 effudit
1879 2731 2088 2798 verba
2132 2734 2408 2811 penates

825 2840 955 2905 Pro
1002 2839 1341 2921 deplorato
1386 2856 1516 2904 non
1562 2836 1859 2903 valitura
1902 2836 2066 2903 viro,

740 2944 1009 3026 Iamque
1050 2962 1271 3011 morae
1315 2943 1601 3027 spatium
1646 2960 1779 3007 nox
1820 2937 2266 3023 praecipitata
2308 2944 2619 3026 negabat,
2755 3000 2760 3007 .
2829 3002 2838 3011 .

826 3051 1167 3132 versaque
1212 3052 1297 3117 ab
1344 3068 1471 3118 axe
1514 3067 1629 3116 suo
1675 3047 2028 3115 Parrhasis
2075 3052 2292 3115 arctos
2337 3053 2503 3115 erat.

737 3157 911 3241 Quid
954 3151 1280 3227 facerem?
1326 3156 1565 3224 blando
1610 3153 1874 3237 patriae
1915 3153 2256 3221 retinebar
2299 3173 2544 3222 amore:

650 3291 705 3330 50
825 3265 1078 3332 Ultima
1122 3266 1239 3333 sed
1280 3264 1503 3331 iussae
1544 3280 1677 3329 nox
1721 3264 1871 3327 erat
1913 3259 2035 3326 illa
2081 3260 2298 3342 fugae.

735 3372 823 3438 ΑΙ
870 3371 1173 3453 quotiens
1216 3370 1437 3452 aliquo
1482 3368 1621 3435 dixi
1664 3370 2060 3450 properante
2105 3365 2300 3450 ‘Quid
2341 3384 2583 3450 urgues
2597 3366 2630 3434 Ρ

825 3478 952 3543 Vel
997 3496 1123 3559 quo
1168 3476 1447 3543 festinas
1490 3475 1608 3558 ire,
1652 3474 1763 3542 vel
1809 3474 1999 3557 unde,
2045 3473 2197 3539 vide
2207 3474 2240 3539 1’

573 3728 665 3785 29.
735 3743 1012 3797 suapwore
1030 3729 1114 3783 αἶ’
1088 3730 1284 3799 aqum]
1308 3746 1377 3781 zu
1390 3725 1709 3799 jemandem

468 3798 903 3868 emporblicken.

568 3887 661 3941 30.
734 3886 874 3956 lari]
920 3886 1156 3939 meinem
1192 3884 1529 3957 Hauegotte,
1573 3883 1627 3939 d.
1650 3882 1708 3938 h.

469 3955 703 4009 meinem
736 3954 957 4024 Haase,
1006 3954 1107 4008 das
1152 3954 1211 4008 in
1256 3955 1355 4009 der
1400 3926 1564 4009 Niihe
1613 3953 1711 4008 dee

527 4024 729 4079 aitole
764 4024 862 4109 lag
914 4055 985 4065 —
1020 4023 1257 4095 frustra]
1302 4024 1429 4078 weil
1474 4040 1533 4078 ee
1581 4023 1710 4077 dem

468 4092 577 4147 Dic
619 4101 705 4148 ter
750 4041 954 4149 keinen
990 4092 1196 4149 Schutz
1243 4094 1497 4165 gewahrt
1531 4093 1708 4149 hatte.

469 4264 499 4303 e
528 4180 685 4303 bat
724 4180 865 4251 alta]
882 4180 1011 4235 weil
1031 4179 1138 4235 auf
1149 4180 1257 4234 den
1274 4179 1465 4234 eieben
1484 4178 1709 4251 Hugeln

498 4266 529 4302 ι·
570 4266 643 4303 au

570 4336 661 4391 85.
734 4334 896 4390 Sinn.
945 4334 1172 4391 obwohl
1213 4352 1273 4390 es
1305 4337 1446 4407 jetzt
1477 4354 1547 4390 zu
1583 4339 1711 4405 spat

468 4404 557 4470 ist,
594 4405 703 4459 dafl
740 4404 837 4458 ich
873 4421 945 4459 an
968 4406 1223 4476 Rettung
1246 4405 1445 4461 denke.
1481 4436 1550 4445 —
1586 4422 1710 4461 sero

466 4475 565 4526 wir
538 4474 602 4527 rd
637 4474 813 4529 durch
843 4481 973 4544 poet
1006 4476 1243 4531 vulnera
1278 4492 1340 4530 er
1311 4474 1507 4531 rklurt.

562 4559 1188 4634 88.Vgl..,.N0190

1903 3722 1995 3780 40.
2068 3723 2188 3793 deo]
2212 3722 2480 3791 deraelbe,
2506 3724 2607 3779 der
2629 3724 2770 3778 eben
2794 3726 3043 3780 caelestis

1794 3795 1887 3848 vir
2033 3800 2171 3847 aunt
2205 3794 2408 3860 warde,
2446 3794 2749 3865 Augustus.

1903 3809 2030 3919 &a
2050 3862 2326 3947 αάυονεοε]
2345 3834 2503 3916 ni’cht
2519 3870 2666 3917 etwa
2689 3860 3040 3930 „feindlichfl

1796 3932 2036 3987 eondern
2077 3932 2200 3999 ‚die
2232 3950 2332 3987 vor
2366 3933 2459 3986 ihr
2493 3932 2779 3987 standen‘.

1902 4001 1998 4057 48.
2065 3973 2211 4072 amic]
2245 4002 2318 4055 ist
2341 4001 2612 4057 mnichnt
2632 4002 2726 4056 die
2747 4002 2926 4057 durch
2949 4003 3042 4057 die

1799 4069 1966 4125 Mitte
2013 4070 2112 4124 der
2147 4070 2224 4125 Er
2226 4070 2296 4125 de
2342 4088 2450 4126 von
2493 4072 2674 4127 einem
2709 4070 2848 4126 Pole
2893 4073 3039 4126 nach

1796 4139 1927 4193 dem
1962 4140 2172 4194 andem
2209 4140 2488 4211 gedachte
2517 4140 2670 4195 Ache
2645 4158 2720 4209 s,e
2758 4142 2906 4195 daun
2941 4141 3043 4195 der

1795 4208 2043 4264 Himmel
2080 4210 2226 4263 selba
2229 4218 2268 4263 t.
2338 4209 2526 4265 Wenn
2573 4212 2693 4264 sich
2738 4210 2838 4265 der
2973 4210 3040 4265 ne

1794 4277 1912 4333 Ba'r
1984 4278 2058 4349 (N
2061 4279 2566 4334 amenverzeichma
2637 4284 2800 4334 unter
2917 4296 3040 4335 an·-

1796 4348 1998 4418 haeu'el)
2048 4365 2156 4403 von
2203 4350 2318 4403 sein
2323 4366 2384 4404 er
2430 4348 2606 4403 Stelle
2657 4365 2749 4403 am
2795 4348 3042 4403 Himmel

1796 4419 1894 4485 (ab
1953 4434 2061 4472 aoee
2118 4421 2238 4487 wo)
2305 4419 2604 4473 scheinbar
2662 4419 2808 4472 nach
2867 4419 3040 4475 Oeten

1794 4486 2032 4553 vendet,
2055 4486 2130 4541 iet
2153 4486 2253 4541 der
2277 4487 2512 4559 Morgen
2538 4488 2698 4542 nieht
2719 4488 2878 4542 mehr
2897 4488 3042 4542 feru.

2062 4556 2252 4627 suque]
2290 4557 2400 4629 vgl.
2437 4574 2506 4610 zu
2540 4556 2643 4613 No.
2674 4558 2718 4622 1,
2745 4558 2830 4612 63.
