3684 5275
627 350 712 417 42
1721 358 1917 414 Erster
1959 358 2103 415 Teil.
2142 374 2150 381 ·

985 523 1362 606 Accipiunt:
1409 524 1619 590 Tusco
1665 522 1985 607 sanguine
2028 526 2213 589 terra
2256 522 2465 588 rubet.

809 654 862 695 ιε
895 630 1004 698 Sic
1045 631 1304 713 iterum,
1349 630 1445 696 sic
1489 646 1685 710 saepe
1729 629 1989 695 cadunt.
2078 628 2195 695 ubi
2238 629 2503 695 vincere
2549 634 2776 711 aperte

984 736 1129 802 Non
1176 737 1389 819 datur,
1433 734 1705 801 insidias
1749 752 2059 815 armaque
2102 738 2286 801 tecta
2329 738 2584 817 parant.

895 841 1174 925 Campus
1219 846 1382 925 erat,
1430 841 1640 923 campi
1687 840 2081 907 claudebant
2125 840 2360 907 ultima
2404 840 2601 907 colles

986 948 1298 1029 Silvaque
1343 952 1684 1013 montanas
1728 948 2025 1013 occulere
2070 952 2231 1029 apta
2272 946 2467 1013 feras.

895 1053 976 1120 In
1019 1054 1230 1124 medio
1273 1071 1515 1135 paucos
1561 1058 1987 1135 armentaque
2028 1072 2183 1119 rara
2226 1053 2619 1135 relinquunt,

813 1186 869 1226 ιο
988 1160 1226 1226 Cetera
1269 1160 1579 1243 virgultis
1625 1160 1854 1226 abdita
1898 1162 2097 1226 turba
2139 1160 2326 1225 latet.

901 1266 1077 1333 Ecce
1119 1266 1307 1337 velut
1349 1270 1606 1332 torrens
1649 1266 1845 1332 undis
1887 1266 2285 1347 pluvialibus
2330 1270 2563 1333 auctus

991 1372 1132 1439 Aut
1170 1372 1342 1455 nive,
1387 1390 1555 1453 quae
1599 1373 1883 1454 zephyro
1928 1372 2109 1438 victa
2152 1375 2419 1452 tepente
2462 1371 2626 1455 fluit,

899 1479 1034 1545 Per
1075 1482 1226 1544 sata
1269 1496 1514 1560 perque
1556 1478 1702 1544 vias
1743 1476 1976 1562 fertur,
2018 1496 2157 1560 nec,
2202 1482 2278 1543 ut
2325 1482 2480 1544 ante
2524 1478 2796 1561 solebat,

990 1583 1305 1666 Riparum
1353 1583 1608 1649 clausas
1651 1584 1945 1667 margine
1986 1582 2135 1649 finit
2180 1600 2410 1664 aquas:

815 1716 870 1755 ευ
901 1689 1011 1757 Sic
1054 1689 1250 1755 Fabii
1295 1688 1534 1755 vallem
1577 1689 1736 1755 latis
1781 1690 2179 1757 discursibus
2222 1689 2513 1773 implent,

994 1795 1308 1880 Quodque
1351 1796 1598 1878 vident,
1642 1800 1970 1863 sternunt:
2016 1814 2138 1862 nec
2180 1800 2393 1863 metus
2440 1796 2611 1863 alter
2652 1797 2841 1863 inest.

907 1901 1048 1986 Quo
1093 1901 1306 1987 ruitiS,
1350 1920 1668 1986 generosa
1711 1900 1974 1969 domus?
2062 1902 2234 1968 male
2278 1902 2545 1969 creditis
2588 1902 2781 1969 hosti.

997 2007 1286 2091 Simplex
1330 2008 1658 2093 nobilitas,
1703 2008 1952 2091 perfida
1993 2008 2132 2074 tela
2177 2010 2365 2077 cavel

907 2114 1171 2181 Fraude
1213 2115 1390 2197 perit
1433 2116 1666 2181 virtus.
1755 2116 1824 2180 in
1871 2120 2134 2197 apertos
2178 2115 2463 2197 undique
2507 2132 2766 2197 campos

819 2247 876 2287 ao
993 2220 1357 2288 Prosiliunt
1400 2224 1622 2289 hostes
1669 2226 1738 2287 et
1782 2220 1959 2287 latus
2004 2240 2190 2287 omne
2234 2226 2480 2288 tenent.

909 2326 1082 2411 Quid
1125 2326 1378 2394 faciant
1422 2327 1614 2409 pauci
1660 2331 1889 2393 contra
1932 2332 2037 2393 tot
2078 2326 2261 2392 milia
2303 2325 2552 2393 fortes?

997 2432 1273 2517 Quidve,
1317 2434 1488 2513 quod
1532 2434 1601 2498 in
1645 2433 1881 2499 misero
1926 2438 2216 2515 tempore
2260 2437 2487 2515 restet,
2530 2432 2759 2499 adest?

910 2538 1095 2607 Sicut
1139 2557 1300 2621 aper
1340 2539 1533 2622 longe
1578 2538 1764 2607 silvis
1807 2538 2250 2619 Laurentibus
2296 2543 2481 2605 actus

998 2647 1338 2713 Fulmineo
1384 2647 1627 2713 celeres
1672 2647 1949 2728 dissipat
1993 2665 2105 2712 ore
2150 2664 2361 2730 canes,

823 2777 879 2820 ss
908 2753 1064 2818 Mox
1108 2757 1328 2818 tamen
1371 2753 1516 2834 ipse
1557 2753 1750 2836 perit,
1793 2753 1891 2818 sic
1932 2771 2063 2820 non
2108 2753 2473 2818 moriuntur
2516 2750 2731 2836 inulti,

999 2858 1413 2939 Volneraque
1457 2857 1715 2924 alterna
1760 2858 2046 2940 dantque
2090 2858 2439 2939 feruntque
2482 2876 2695 2924 manu.

912 2965 1064 3030 Una
1108 2965 1248 3031 dies
1290 2963 1534 3031 Fabios
1579 2965 1664 3030 ad
1710 2964 1951 3031 bellum
1995 2965 2265 3032 miserat
2308 2983 2545 3049 omneS,

1001 3072 1108 3136 Ad
1151 3069 1396 3136 bellum
1437 3071 1662 3136 missos
1705 3071 1992 3152 perdidit
2035 3091 2168 3138 una
2213 3072 2368 3138 dieS.

911 3176 1008 3243 Ut
1051 3181 1274 3242 tamen
1317 3175 1683 3242 Herculeae
1727 3183 2142 3259 superessent
2166 3179 2436 3244 ‘semina
2478 3175 2715 3260 gentis,

822 3309 879 3348 ιο
999 3280 1323 3348 Credibile
1369 3285 1470 3348 est
1512 3281 1688 3364 ipsos
1733 3284 2134 3350 consuluisse
2178 3285 2345 3348 deos

911 3387 1078 3453 Nam
1123 3405 1286 3470 puer
1327 3387 1622 3469 impubes
1667 3395 1736 3455 et
1783 3390 1994 3456 adhuc
2037 3407 2166 3456 non
2210 3387 2395 3455 utilis
2442 3385 2639 3452 armis

1000 3493 1187 3560 Unus
1230 3494 1312 3560 de
1353 3491 1568 3560 Fabia
1612 3501 1810 3578 gente
1858 3495 2127 3561 relictus
2173 3499 2341 3561 erat:

913 3599 1180 3667 Scilicet
1222 3605 1298 3666 ut
1342 3619 1565 3683 posses
1611 3601 1764 3667 olim
1809 3606 1903 3684 tu,
1946 3601 2251 3684 Maxime,
2296 3599 2495 3682 nasci,

1001 3705 1121 3772 Cui
1165 3724 1269 3773 res
1314 3709 1677 3773 cunctando
1721 3706 2131 3774 restituenda
2172 3705 2362 3775 foret.

751 3919 841 3974 15.
914 3935 953 3974 a
991 3917 1120 3995 erte]
1157 3921 1213 3974 in
1251 3919 1486 3974 offenem
1523 3919 1789 3991 Kampfe.
1818 3951 1887 3961 -—
2078 3921 2169 3977 26.
2240 3926 2411 3975 metus
2444 3923 2602 3996 alter}
2649 3921 2864 3977 Furcht
2900 3937 2997 3976 vor
3036 3922 3217 3976 einem

643 4003 756 4044 mm
791 3936 988 4064 ἀαῠυτῆ)
1015 3989 1185 4044 ihnen
1219 4006 1318 4044 ver
1359 3992 1493 4043 ”unt
1525 3990 1614 4043 ist.
1974 3991 2217 4046 anderen
2256 3990 2648 4063 (versteckten)
2684 3991 2914 4047 Feinde.

646 4081 671 4096 ’-
754 4059 844 4115 17.
915 4061 1097 4130 campi
1135 4059 1331 4114 ult-‘ma
1383 4081 1456 4104 =
1489 4075 1576 4113 wo
1611 4058 1714 4113 das
1745 4057 1890 4115 Feld
2072 4059 2166 4118 27.
2237 4059 2399 4132 male]
2434 4078 2502 4115 zu
2538 4078 2735 4116 eurem·
2761 4060 3040 4134 ngluck.

645 4127 922 4184 aufhiirte.
2076 4130 2169 4186 83.
2240 4131 2416 4202 actus]
2521 4131 2690 4187 hetzt.

750 4199 842 4254 21.
909 4199 1129 4268 auctus]
1163 4196 1552 4269 geschwollen.
2072 4199 2168 4256 44.
2259 4199 2414 4256 Unus
2689 4201 2853 4256 nobis
2906 4201 3218 4258 cunctando

750 4261 844 4324 24.
929 4267 1075 4342 finit}
1134 4268 1428 4338 hog-renat:
1492 4267 1637 4334 ‚und
1696 4268 1886 4324 descen
1972 4272 2215 4324 restituit
2258 4285 2372 4326 rem
2417 4269 2642 4324 Ennius.
2732 4269 2860 4343 Vgl.
2914 4271 3029 4325 Cic.
3072 4268 3219 4326 Cato

643 4335 850 4390 Pluten
886 4337 1046 4390 nicht
1077 4335 1239 4392 mehr
1275 4336 1379 4389 wie
1403 4337 1629 4392 voi-dem
1651 4337 1730 4392 im
1754 4337 1890 4392 Bett
1974 4339 2103 4396 mni.
2140 4341 2192 4408 4,
2232 4339 2313 4394 10.
2348 4371 2419 4380 -
2454 4340 2559 4414 res]
2594 4339 2845 4410 publica.

645 4407 744 4460 des
802 4407 1022 4461 Flumen
1087 4408 1138 4460 ei
1219 4405 1530 4461 eschlossen
1595 4425 1704 4462 von
1762 4409 1889 4462 dem

647 4475 846 4530 Raude
883 4476 983 4530 der
1017 4474 1157 4531 Ufer
1233 4481 1461 4547 egrenzt
1495 4477 1763 4532 werden‘.
