3684 5275
637 368 722 434 24

1732 382 1925 437 Entei-
1968 382 2113 439 Teil.

898 544 994 610 Et
1036 544 1168 609 iam
1211 544 1588 612 Dardaniae
1633 549 1913 629 tangent
1955 546 2120 613 haee
2162 546 2365 613 litora
2408 548 2616 629 pinus.

987 650 1118 716 Hic
1161 668 1415 732 quoque
1461 670 1658 718 causa
1700 652 1859 719 novi
1903 650 2148 718 femina
2191 654 2423 719 martis
2468 655 2613 720 erit.

900 756 1066 822 Care
1106 774 1328 841 nepos,
1373 756 1580 840 Palla,
1625 756 1890 824 funesta
1935 758 2091 839 quid
2134 760 2351 825 induis
2397 760 2637 825 arma?.
2708 784 2711 787 ·

988 862 1219 929 Indue!
1294 881 1426 929 non
1469 863 1700 929 humili
1744 864 2005 931 vindice
2050 882 2275 931 caesus
2320 866 2465 932 eris.

811 990 866 1036 σε
899 968 1097 1035 Victa
1139 974 1362 1035 tamen
1407 970 1648 1054 vinces,
1695 987 2053 1052 eversaque
2096 972 2297 1039 Troia
2340 989 2663 1055 resurges:

989 1073 1227 1141 Obruit
1271 1075 1543 1142 hostiles
1586 1076 1721 1142 ista
1764 1076 1959 1142 ruina
2004 1078 2238 1143 domos

899 1180 1094 1249 Urite
1138 1181 1446 1249 victrices
1489 1182 1823 1264 Neptunia
1867 1183 2191 1267 Pergama
2233 1182 2554 1249 flammae!

985 1288 1156 1354 Num
1201 1288 1413 1354 minus
1457 1288 1566 1354 hie
1609 1292 1752 1355 toto
1799 1293 1903 1354 est
1948 1288 2147 1355 altior
2192 1289 2349 1354 orbe
2394 1288 2598 1355 cinis?

899 1394 1040 1461 Iam
1085 1394 1232 1477 pius
1276 1395 1534 1460 Aeneas
1579 1412 1768 1460 saera
1813 1400 1900 1479 et,
1944 1412 2135 1460 saera
2180 1394 2409 1478 altera,
2454 1401 2709 1477 patrem

811 1526 867 1569 oo
987 1499 1289 1567 Adferet:
1337 1499 1575 1567 Iliacos
1621 1501 1860 1583 accipe,
1908 1501 2129 1585 Vesta,
2176 1502 2347 1567 deos.

901 1608 1183 1690 Tempus
1229 1606 1376 1689 erit,
1420 1625 1565 1673 eum
1610 1624 1728 1673 vos
1773 1608 2122 1689 orbemque
2164 1608 2461 1673 tuebitur
2502 1607 2692 1691 idem,

988 1712 1082 1779 Et
1125 1713 1284 1779 fient
1328 1712 1470 1795 ipso
1513 1731 1707 1778 saera
1751 1712 2005 1780 colente
2050 1714 2203 1779 deo:

899 1821 995 1886 Et
1035 1838 1236 1901 penes
1280 1819 1616 1901 Augustos
1657 1820 1920 1901 pau-iae
1964 1820 2181 1886 tutela
2222 1820 2529 1887 manebit.

988 1927 1180 1993 Hane
1223 1925 1329 1993 fas
1372 1925 1632 2008 imperii
1675 1925 1868 1992 frena
1911 1931 2139 1993 tenere
2184 1928 2455 1993 domum.

811 2058 866 2099 σε,
896 2033 1059 2100 Inde
1103 2051 1302 2114 nepos
1345 2036 1672 2113 natusque
1717 2032 1839 2117 dei,
1884 2032 2042 2099 licet
2084 2033 2226 2113 ipse
2268 2038 2544 2117 recuset,

986 2140 1288 2206 Pondere
1333 2138 1603 2205 caelesti
1644 2144 1864 2205 mente
1906 2143 2189 2221 paterna
2232 2137 2422 2205 feret.

899 2248 1122 2328 thue
1167 2263 1288 2328 ego
1332 2245 1668 2327 perpetuis
1714 2246 1867 2311 olim
1914 2246 2226 2311 sacrabor
2265 2245 2337 2310 in
2384 2246 2536 2329 aris,

987 2351 1097 2419 Sic
1140 2351 1446 2435 Augusta
1487 2369 1730 2418 novum
1773 2351 1947 2417 Iulia
1990 2368 2226 2417 numen
2272 2350 2435 2417 erit.’

902 2458 1174 2525 Talibus
1219 2462 1295 2523 ut
1341 2456 1536 2523 dietis
1580 2461 1838 2523 nostros
1884 2456 2218 2523 deseendit
2258 2456 2330 2522 in
2376 2474 2595 2539 annos,

817 2591 870 2631 το
988 2564 1305 2632 Substitit
1345 2564 1416 2629 in
1461 2563 1706 2629 medios
1749 2562 2051 2645 praescia
2093 2562 2321 2646 lingua
2362 2581 2567 2630 sonos.

902 2672 1240 2756 Puppibus
1283 2688 1584 2754 egressus
1627 2669 1829 2737 Latia.
1873 2671 2066 2737 stetit
2109 2671 2262 2736 exul
2304 2670 2373 2736 in
2418 2671 2641 2738 herba.

991 2779 1202 2862 Felix,
1246 2777 1512 2844 exilium
1557 2777 1662 2844 cui
1705 2777 1887 2843 loeus
1931 2775 2047 2842 ille
2090 2775 2243 2842 fuit!

902 2884 1039 2953 Neo
1082 2903 1266 2952 mora
1309 2885 1508 2968 longa
1551 2882 1700 2967 fuit,
1745 2883 2019 2948 stabant
2062 2901 2237 2948 nova
2280 2887 2479 2966 tecta,
2522 2901 2733 2966 neque
2778 2885 2951 2950 alter

991 2991 1326 3058 Montibus
1370 2990 1678 3056 Ausoniis
1721 2990 1981 3056 Arcade
2024 2989 2233 3054 maior
2277 2994 2441 3055 erat.

817 3123 871 3166 τε
901 3099 1076 3165 Eece
1119 3098 1322 3164 boves
1366 3096 1526 3162 illue
1569 3096 1972 3178 Erytheidas
2018 3095 2309 3177 applicat
2354 3095 2545 3162 heros

991 3204 1311 3270 Emensus
1353 3202 1534 3284 longi
1578 3201 1875 3284 claviger
1919 3202 2095 3268 orbis
2138 3201 2285 3267 iter.

899 3312 1198 3391 Dumque
1243 3309 1397 3375 huic
1439 3307 1794 3390 hospitium
1838 3308 2061 3373 domus
2108 3312 2211 3373 est
2255 3307 2578 3389 Tegeaea,
2623 3312 2957 3392 vagantur

991 3415 1439 3483 Incustoditae
1483 3414 1664 3480 laeta
1706 3433 1825 3495 per
1871 3431 2037 3479 arva
2080 3414 2297 3479 boves,

901 3524 1100 3590 Mane
1145 3526 1320 3588 erat:
1367 3539 1674 3588 exeussus
1719 3539 1941 3586 somno
1987 3518 2371 3603 Tirynthius
2419 3522 2605 3586 actor

814 3657 869 3697 so
988 3628 1090 3695 De
1132 3646 1399 3694 numero
1444 3632 1670 3693 tauros
1715 3626 1921 3692 sentit
1965 3627 2192 3692 abesse
2237 3627 2413 3692 duos.

901 3735 1098 3800 Nulla
1142 3734 1327 3826 videt
1359 3751 1692 3814 quaerens
1735 3732 1929 3798 taciti
1973 3733 2261 3816 vestigia
2304 3732 2499 3798 furti:

991 3841 1320 3906 Traxerat
1365 3857 1631 3906 aversos
1677 3840 1885 3906 Cacus
1928 3838 1995 3904 in
2044 3842 2243 3905 antra
2285 3839 2491 3905 feros:

772 4012 863 4068 52.
937 4013 1028 4066 hic
1084 4013 1314 4082 quoque]
1380 4012 1486 4065 wie
1542 4012 1712 4065 sehon
1773 4028 1874 4065 vor
2096 4012 2189 4068 65.
2261 4010 2521 4066 Gemeint
2532 4013 2605 4066 ist
2616 4012 2895 4080 Tiberius,
2908 4011 3007 4066 der
3017 4012 3200 4067 Eukel

633 4083 835 4148 Troia:
869 4082 1116 4154 gemeint
1148 4083 1222 4135 ist
1255 4081 1512 4135 Lavinia.
1959 4081 2163 4136 casare
2196 4082 2313 4134 und
2350 4081 2501 4136 Sohu
2538 4082 2635 4135 des
2670 4082 2973 4152 Augustus.

771 4153 863 4209 56.
933 4153 1044 4206 Die
1081 4151 1311 4206 Seberin
1355 4150 1502 4205 nieht
1545 4151 1638 4204 die
1673 4149 1873 4204 Unter-
2098 4151 2189 4206 66.
2240 4152 2512 4222 pondera]
2561 4151 2653 4205 die
2687 4150 2828 4204 Last
2862 4150 2961 4206 der
2996 4151 3207 4226 Regios

632 4223 887 4295 werfung
922 4220 1364 4276 Grieehenlands
1399 4236 1500 4275 vor

769 4293 860 4349 58.
931 4291 1022 4347 hic
1066 4289 1226 4365 cinis]
1281 4291 1372 4344 die
1420 4220 1872 4358 Αωὶιᾼέξῖξὸὶαι,
1959 4237 2188 4346 ῙῚΠῙΕᾗ).
2258 4288 2518 4363 substitit]
2582 4289 2806 4344 machte
2864 4289 2989 4345 halt,
3002 4331 3017 4357 ‚
3078 4307 3198 4344 ver-

632 4377 732 4416 nus
767 4363 866 4416 der
900 4361 1042 4416 Rom
1080 4377 1189 4416 neu
1225 4360 1478 4416 eratehen
1511 4359 1668 4413 wird-
1958 4365 2233 4414 stummte.

769 4432 860 4488 61.
932 4431 1095 4501 iam]
1130 4431 1432 4502 Augustus.
2098 4429 2187 4486 74.
2256 4431 2529 4484 montibus
2608 4430 2900 4499 Amasis]
2979 4399 3206 4483 lo'kaler.

770 4501 861 4558 04.
932 4501 1044 4572 fas]
1082 4503 1316 4572 erglinze
1354 4506 1452 4554 est.
1957 4498 2207 4553 Ablativ.
2542 4497 2549 4506 '
