<?xml version="1.0" encoding="UTF-8"?>
<!DOCTYPE html PUBLIC "-//W3C//DTD XHTML 1.0 Transitional//EN"
    "http://www.w3.org/TR/xhtml1/DTD/xhtml1-transitional.dtd">
<html xmlns="http://www.w3.org/1999/xhtml" xml:lang="en" lang="en">
 <head>
  <title>
</title>
<meta http-equiv="Content-Type" content="text/html;charset=utf-8" />
  <meta name='ocr-system' content='tesseract 3.04.00' />
  <meta name='ocr-capabilities' content='ocr_page ocr_carea ocr_par ocr_line ocrx_word'/>
</head>
<body>
  <div class='ocr_page' id='page_1' title='image "./fastitristiaepi00brangoog_0112.png"; bbox 0 0 3684 5275; ppageno 0'>
   <div class='ocr_carea' id='block_1_1' title="bbox 558 405 2117 472">
    <p class='ocr_par' dir='ltr' id='par_1_1' title="bbox 558 405 2117 472">
     <span class='ocr_line' id='line_1_1' title="bbox 558 405 2117 472; baseline -0.003 0"><span class='ocrx_word' id='word_1_1' title='bbox 558 469 561 472; x_wconf 81' lang='grc'><em>,</em></span> <span class='ocrx_word' id='word_1_2' title='bbox 594 405 721 471; x_wconf 81' lang='lat'><strong>100</strong></span> <span class='ocrx_word' id='word_1_3' title='bbox 1692 413 1930 468; x_wconf 77' lang='lat' dir='ltr'><strong>Zweiter</strong></span> <span class='ocrx_word' id='word_1_4' title='bbox 1971 413 2117 469; x_wconf 79' lang='lat' dir='ltr'><strong>Teii.</strong></span> 
     </span>
    </p>
   </div>
   <div class='ocr_carea' id='block_1_2' title="bbox 692 577 2916 3321">
    <p class='ocr_par' dir='ltr' id='par_1_2' title="bbox 858 577 2470 770">
     <span class='ocr_line' id='line_1_2' title="bbox 858 577 2470 664; baseline 0 -20"><span class='ocrx_word' id='word_1_5' title='bbox 858 578 1029 644; x_wconf 78' lang='lat' dir='ltr'><strong>Otia·</strong></span> <span class='ocrx_word' id='word_1_6' title='bbox 1057 597 1231 645; x_wconf 85' lang='lat' dir='ltr'><strong>nuno</strong></span> <span class='ocrx_word' id='word_1_7' title='bbox 1274 579 1443 664; x_wconf 82' lang='lat' dir='ltr'><strong>istie,</strong></span> <span class='ocrx_word' id='word_1_8' title='bbox 1487 578 1857 660; x_wconf 80' lang='lat' dir='ltr'><strong>iunctisque</strong></span> <span class='ocrx_word' id='word_1_9' title='bbox 1903 596 1984 644; x_wconf 88' lang='lat' dir='ltr'><strong>ex</strong></span> <span class='ocrx_word' id='word_1_10' title='bbox 2029 577 2256 645; x_wconf 80' lang='lat' dir='ltr'>ordine</span> <span class='ocrx_word' id='word_1_11' title='bbox 2299 577 2470 644; x_wconf 88' lang='lat' dir='ltr'><strong>ludis</strong></span> 
     </span>
     <span class='ocr_line' id='line_1_3' title="bbox 950 683 2236 770; baseline 0 -18"><span class='ocrx_word' id='word_1_12' title='bbox 950 685 1203 752; x_wconf 83' lang='lat' dir='ltr'><strong>Cedunt</strong></span> <span class='ocrx_word' id='word_1_13' title='bbox 1248 685 1509 753; x_wconf 79' lang='lat' dir='ltr'><strong>verbosi</strong></span> <span class='ocrx_word' id='word_1_14' title='bbox 1552 685 1823 770; x_wconf 80' lang='lat' dir='ltr'><strong>garrula</strong></span> <span class='ocrx_word' id='word_1_15' title='bbox 1867 685 2046 752; x_wconf 87' lang='lat' dir='ltr'><strong>bella</strong></span> <span class='ocrx_word' id='word_1_16' title='bbox 2089 683 2236 752; x_wconf 74' lang='lat' dir='ltr'><strong>fori.</strong></span> 
     </span>
    </p>

    <p class='ocr_par' dir='ltr' id='par_1_3' title="bbox 770 789 2684 1088">
     <span class='ocr_line' id='line_1_4' title="bbox 860 789 2684 874; baseline -0.001 -17"><span class='ocrx_word' id='word_1_17' title='bbox 860 793 1032 858; x_wconf 88' lang='lat' dir='ltr'><strong>Usus</strong></span> <span class='ocrx_word' id='word_1_18' title='bbox 1078 791 1229 873; x_wconf 84' lang='lat' dir='ltr'><strong>equi</strong></span> <span class='ocrx_word' id='word_1_19' title='bbox 1271 810 1445 858; x_wconf 87' lang='lat' dir='ltr'><strong>nuno</strong></span> <span class='ocrx_word' id='word_1_20' title='bbox 1488 795 1609 874; x_wconf 86' lang='lat' dir='ltr'><strong>est,</strong></span> <span class='ocrx_word' id='word_1_21' title='bbox 1654 791 1912 858; x_wconf 87' lang='lat' dir='ltr'><strong>levibus</strong></span> <span class='ocrx_word' id='word_1_22' title='bbox 1956 809 2128 856; x_wconf 86' lang='lat' dir='ltr'><strong>nuno</strong></span> <span class='ocrx_word' id='word_1_23' title='bbox 2172 789 2424 857; x_wconf 81' lang='lat' dir='ltr'><strong>luditur</strong></span> <span class='ocrx_word' id='word_1_24' title='bbox 2469 791 2684 874; x_wconf 76' lang='lat' dir='ltr'><strong>armiS,</strong></span> 
     </span>
     <span class='ocr_line' id='line_1_5' title="bbox 770 896 2654 982; baseline 0 -18"><span class='ocrx_word' id='word_1_25' title='bbox 770 926 825 964; x_wconf 83' lang='lat'><strong>20</strong></span> <span class='ocrx_word' id='word_1_26' title='bbox 943 898 1131 964; x_wconf 83' lang='lat' dir='ltr'><strong>Nunc</strong></span> <span class='ocrx_word' id='word_1_27' title='bbox 1175 897 1329 982; x_wconf 73' lang='lat' dir='ltr'><strong>pila,</strong></span> <span class='ocrx_word' id='word_1_28' title='bbox 1372 915 1545 964; x_wconf 85' lang='lat' dir='ltr'><strong>nunc</strong></span> <span class='ocrx_word' id='word_1_29' title='bbox 1588 896 1788 964; x_wconf 77' lang='lat' dir='ltr'><strong>celeri</strong></span> <span class='ocrx_word' id='word_1_30' title='bbox 1830 897 2129 966; x_wconf 82' lang='lat' dir='ltr'><strong>volvitur</strong></span> <span class='ocrx_word' id='word_1_31' title='bbox 2171 897 2328 964; x_wconf 90' lang='lat' dir='ltr'><strong>orbe</strong></span> <span class='ocrx_word' id='word_1_32' title='bbox 2371 897 2654 980; x_wconf 78' lang='lat' dir='ltr'><strong>trochus,</strong></span> 
     </span>
     <span class='ocr_line' id='line_1_6' title="bbox 858 1003 2548 1088; baseline 0 -19"><span class='ocrx_word' id='word_1_33' title='bbox 858 1004 1063 1088; x_wconf 81' lang='lat' dir='ltr'><strong>Nune,</strong></span> <span class='ocrx_word' id='word_1_34' title='bbox 1108 1003 1222 1069; x_wconf 92' lang='lat' dir='ltr'><strong>ubi</strong></span> <span class='ocrx_word' id='word_1_35' title='bbox 1266 1003 1534 1086; x_wconf 79' lang='lat' dir='ltr'><strong>perfusa</strong></span> <span class='ocrx_word' id='word_1_36' title='bbox 1579 1006 1682 1070; x_wconf 88' lang='lat' dir='ltr'><strong>est</strong></span> <span class='ocrx_word' id='word_1_37' title='bbox 1725 1003 1866 1070; x_wconf 89' lang='lat' dir='ltr'><strong>oleo</strong></span> <span class='ocrx_word' id='word_1_38' title='bbox 1911 1004 2195 1087; x_wconf 90' lang='lat' dir='ltr'><strong>labente,</strong></span> <span class='ocrx_word' id='word_1_39' title='bbox 2239 1004 2548 1070; x_wconf 85' lang='lat' dir='ltr'><strong>iuventus</strong></span> 
     </span>
    </p>

    <p class='ocr_par' dir='ltr' id='par_1_4' title="bbox 692 1109 2916 3321">
     <span class='ocr_line' id='line_1_7' title="bbox 947 1109 2340 1193; baseline -0.001 -17"><span class='ocrx_word' id='word_1_40' title='bbox 947 1109 1256 1177; x_wconf 82' lang='lat' dir='ltr'><strong>Defessos</strong></span> <span class='ocrx_word' id='word_1_41' title='bbox 1300 1115 1487 1176; x_wconf 88' lang='lat' dir='ltr'><strong>artus</strong></span> <span class='ocrx_word' id='word_1_42' title='bbox 1531 1109 1808 1193; x_wconf 81' lang='lat' dir='ltr'>Virgine</span> <span class='ocrx_word' id='word_1_43' title='bbox 1853 1109 2105 1192; x_wconf 88' lang='lat' dir='ltr'><strong>tinguit</strong></span> <span class='ocrx_word' id='word_1_44' title='bbox 2149 1128 2340 1192; x_wconf 89' lang='lat' dir='ltr'><strong>aqua.</strong></span> 
     </span>
     <span class='ocr_line' id='line_1_8' title="bbox 858 1215 2698 1301; baseline -0.001 -19"><span class='ocrx_word' id='word_1_45' title='bbox 858 1216 1109 1283; x_wconf 81' lang='lat' dir='ltr'><strong>Scaena</strong></span> <span class='ocrx_word' id='word_1_46' title='bbox 1154 1217 1356 1301; x_wconf 81' lang='lat' dir='ltr'><strong>viget,</strong></span> <span class='ocrx_word' id='word_1_47' title='bbox 1402 1217 1765 1298; x_wconf 83' lang='lat' dir='ltr'><strong>studiisque</strong></span> <span class='ocrx_word' id='word_1_48' title='bbox 1808 1215 2004 1285; x_wconf 87' lang='lat' dir='ltr'><strong>favor</strong></span> <span class='ocrx_word' id='word_1_49' title='bbox 2047 1217 2445 1283; x_wconf 88' lang='lat' dir='ltr'><strong>distantibus</strong></span> <span class='ocrx_word' id='word_1_50' title='bbox 2491 1217 2698 1299; x_wconf 87' lang='lat' dir='ltr'><strong>ardet,</strong></span> 
     </span>
     <span class='ocr_line' id='line_1_9' title="bbox 947 1323 2592 1404; baseline -0.001 -15"><span class='ocrx_word' id='word_1_51' title='bbox 947 1323 1206 1404; x_wconf 86' lang='lat' dir='ltr'>Proque</span> <span class='ocrx_word' id='word_1_52' title='bbox 1251 1324 1465 1389; x_wconf 88' lang='lat' dir='ltr'><strong>tribus</strong></span> <span class='ocrx_word' id='word_1_53' title='bbox 1509 1328 1820 1390; x_wconf 86' lang='lat' dir='ltr'><strong>resonant</strong></span> <span class='ocrx_word' id='word_1_54' title='bbox 1865 1329 2058 1389; x_wconf 86' lang='lat' dir='ltr'><strong>terna</strong></span> <span class='ocrx_word' id='word_1_55' title='bbox 2101 1324 2369 1389; x_wconf 89' lang='lat' dir='ltr'><strong>theatra</strong></span> <span class='ocrx_word' id='word_1_56' title='bbox 2412 1323 2592 1390; x_wconf 76' lang='lat' dir='ltr'><strong>foris.</strong></span> 
     </span>
     <span class='ocr_line' id='line_1_10' title="bbox 771 1427 2693 1514; baseline -0.001 -19"><span class='ocrx_word' id='word_1_57' title='bbox 771 1455 825 1495; x_wconf 80' lang='lat'><strong>2⁵</strong></span> <span class='ocrx_word' id='word_1_58' title='bbox 857 1427 911 1495; x_wconf 90' lang='grc' dir='ltr'><strong>Ο</strong></span> <span class='ocrx_word' id='word_1_59' title='bbox 961 1434 1210 1512; x_wconf 89' lang='lat' dir='ltr'><strong>quater,</strong></span> <span class='ocrx_word' id='word_1_60' title='bbox 1257 1448 1293 1497; x_wconf 91' lang='grc' dir='ltr'>ο</span> <span class='ocrx_word' id='word_1_61' title='bbox 1340 1428 1640 1511; x_wconf 88' lang='lat' dir='ltr'><strong>quotiens</strong></span> <span class='ocrx_word' id='word_1_62' title='bbox 1681 1446 1814 1496; x_wconf 92' lang='lat' dir='ltr'><strong>non</strong></span> <span class='ocrx_word' id='word_1_63' title='bbox 1859 1435 1963 1496; x_wconf 88' lang='lat' dir='ltr'><strong>est</strong></span> <span class='ocrx_word' id='word_1_64' title='bbox 2006 1448 2366 1514; x_wconf 88' lang='lat' dir='ltr'><strong>numerare,</strong></span> <span class='ocrx_word' id='word_1_65' title='bbox 2412 1430 2693 1511; x_wconf 87' lang='lat' dir='ltr'><strong>beatum,</strong></span> 
     </span>
     <span class='ocr_line' id='line_1_11' title="bbox 949 1535 2279 1604; baseline 0.002 -4"><span class='ocrx_word' id='word_1_66' title='bbox 949 1535 1093 1603; x_wconf 87' lang='lat' dir='ltr'><strong>Non</strong></span> <span class='ocrx_word' id='word_1_67' title='bbox 1138 1535 1493 1602; x_wconf 85' lang='lat' dir='ltr'><strong>interdicta</strong></span> <span class='ocrx_word' id='word_1_68' title='bbox 1540 1535 1644 1602; x_wconf 88' lang='lat' dir='ltr'><strong>oui</strong></span> <span class='ocrx_word' id='word_1_69' title='bbox 1687 1535 1848 1602; x_wconf 79' lang='lat' dir='ltr'><strong>lieet</strong></span> <span class='ocrx_word' id='word_1_70' title='bbox 1893 1537 2075 1604; x_wconf 83' lang='lat' dir='ltr'><strong>Urbe</strong></span> <span class='ocrx_word' id='word_1_71' title='bbox 2118 1536 2279 1602; x_wconf 70' lang='lat' dir='ltr'><strong>frui!</strong></span> 
     </span>
     <span class='ocr_line' id='line_1_12' title="bbox 861 1641 2365 1726; baseline 0.001 -19"><span class='ocrx_word' id='word_1_72' title='bbox 861 1645 956 1707; x_wconf 91' lang='lat' dir='ltr'><strong>At</strong></span> <span class='ocrx_word' id='word_1_73' title='bbox 1000 1641 1160 1708; x_wconf 90' lang='lat' dir='ltr'><strong>mihi</strong></span> <span class='ocrx_word' id='word_1_74' title='bbox 1206 1641 1493 1709; x_wconf 79' lang='lat' dir='ltr'><strong>sentitur</strong></span> <span class='ocrx_word' id='word_1_75' title='bbox 1536 1642 1653 1710; x_wconf 83' lang='lat' dir='ltr'><strong>nix</strong></span> <span class='ocrx_word' id='word_1_76' title='bbox 1696 1661 1900 1709; x_wconf 86' lang='lat' dir='ltr'><strong>verno</strong></span> <span class='ocrx_word' id='word_1_77' title='bbox 1947 1642 2086 1710; x_wconf 86' lang='lat' dir='ltr'><strong>sole</strong></span> <span class='ocrx_word' id='word_1_78' title='bbox 2131 1643 2365 1726; x_wconf 82' lang='lat' dir='ltr'><strong>soluta,</strong></span> 
     </span>
     <span class='ocr_line' id='line_1_13' title="bbox 950 1748 2506 1832; baseline 0 -18"><span class='ocrx_word' id='word_1_79' title='bbox 950 1748 1263 1832; x_wconf 78' lang='lat' dir='ltr'><strong>Quaeque</strong></span> <span class='ocrx_word' id='word_1_80' title='bbox 1307 1748 1455 1814; x_wconf 80' lang='lat' dir='ltr'><strong>lacu</strong></span> <span class='ocrx_word' id='word_1_81' title='bbox 1503 1750 1662 1815; x_wconf 90' lang='lat' dir='ltr'><strong>duro</strong></span> <span class='ocrx_word' id='word_1_82' title='bbox 1708 1767 1837 1816; x_wconf 92' lang='lat' dir='ltr'><strong>non</strong></span> <span class='ocrx_word' id='word_1_83' title='bbox 1885 1749 2226 1816; x_wconf 79' lang='lat' dir='ltr'><strong>fodiuntur</strong></span> <span class='ocrx_word' id='word_1_84' title='bbox 2270 1767 2506 1830; x_wconf 88' lang='lat' dir='ltr'><strong>aquae;</strong></span> 
     </span>
     <span class='ocr_line' id='line_1_14' title="bbox 860 1854 2912 1940; baseline 0 -19"><span class='ocrx_word' id='word_1_85' title='bbox 860 1856 997 1921; x_wconf 85' lang='lat' dir='ltr'><strong>Neo</strong></span> <span class='ocrx_word' id='word_1_86' title='bbox 1040 1873 1221 1922; x_wconf 88' lang='lat' dir='ltr'><strong>mare</strong></span> <span class='ocrx_word' id='word_1_87' title='bbox 1266 1854 1625 1921; x_wconf 82' lang='lat' dir='ltr'><strong>concrescit</strong></span> <span class='ocrx_word' id='word_1_88' title='bbox 1666 1854 1901 1940; x_wconf 86' lang='lat' dir='ltr'><strong>glacie,</strong></span> <span class='ocrx_word' id='word_1_89' title='bbox 1943 1874 2066 1922; x_wconf 84' lang='lat' dir='ltr'><strong>nec</strong></span> <span class='ocrx_word' id='word_1_90' title='bbox 2109 1861 2187 1923; x_wconf 94' lang='lat' dir='ltr'><strong>ut</strong></span> <span class='ocrx_word' id='word_1_91' title='bbox 2232 1860 2410 1939; x_wconf 87' lang='lat' dir='ltr'><strong>ante,</strong></span> <span class='ocrx_word' id='word_1_92' title='bbox 2451 1873 2570 1938; x_wconf 92' lang='lat' dir='ltr'><strong>per</strong></span> <span class='ocrx_word' id='word_1_93' title='bbox 2611 1855 2912 1922; x_wconf 83' lang='lat' dir='ltr'><strong>Histrum</strong></span> 
     </span>
     <span class='ocr_line' id='line_1_15' title="bbox 772 1960 2619 2045; baseline 0 -17"><span class='ocrx_word' id='word_1_94' title='bbox 772 1990 829 2028; x_wconf 63' lang='grc' dir='ltr'><strong>ιο</strong></span> <span class='ocrx_word' id='word_1_95' title='bbox 950 1961 1245 2028; x_wconf 82' lang='lat' dir='ltr'><strong>Stridula</strong></span> <span class='ocrx_word' id='word_1_96' title='bbox 1287 1961 1707 2029; x_wconf 78' lang='lat' dir='ltr'><strong>Sauromates</strong></span> <span class='ocrx_word' id='word_1_97' title='bbox 1749 1961 2049 2042; x_wconf 86' lang='lat' dir='ltr'><strong>plaustra</strong></span> <span class='ocrx_word' id='word_1_98' title='bbox 2094 1963 2415 2030; x_wconf 82' lang='lat' dir='ltr'><strong>bubulcus</strong></span> <span class='ocrx_word' id='word_1_99' title='bbox 2460 1960 2619 2045; x_wconf 82' lang='lat' dir='ltr'><strong>agit.</strong></span> 
     </span>
     <span class='ocr_line' id='line_1_16' title="bbox 859 2068 2552 2152; baseline 0.001 -19"><span class='ocrx_word' id='word_1_100' title='bbox 859 2068 1187 2151; x_wconf 82' lang='lat' dir='ltr'><strong>Incipient</strong></span> <span class='ocrx_word' id='word_1_101' title='bbox 1230 2069 1491 2149; x_wconf 79' lang='lat' dir='ltr'><strong>aliquae</strong></span> <span class='ocrx_word' id='word_1_102' title='bbox 1535 2073 1758 2134; x_wconf 84' lang='lat' dir='ltr'><strong>tamen</strong></span> <span class='ocrx_word' id='word_1_103' title='bbox 1803 2068 1931 2135; x_wconf 85' lang='lat' dir='ltr'><strong>huo</strong></span> <span class='ocrx_word' id='word_1_104' title='bbox 1977 2069 2226 2135; x_wconf 86' lang='lat' dir='ltr'><strong>adnare</strong></span> <span class='ocrx_word' id='word_1_105' title='bbox 2269 2068 2552 2152; x_wconf 80' lang='lat' dir='ltr'><strong>carinae,</strong></span> 
     </span>
     <span class='ocr_line' id='line_1_17' title="bbox 950 2173 2435 2258; baseline 0 -18"><span class='ocrx_word' id='word_1_106' title='bbox 950 2173 1359 2256; x_wconf 88' lang='lat' dir='ltr'><strong>Hospitaque</strong></span> <span class='ocrx_word' id='word_1_107' title='bbox 1402 2174 1473 2240; x_wconf 91' lang='lat' dir='ltr'><strong>in</strong></span> <span class='ocrx_word' id='word_1_108' title='bbox 1516 2175 1717 2241; x_wconf 89' lang='lat' dir='ltr'><strong>Ponti</strong></span> <span class='ocrx_word' id='word_1_109' title='bbox 1760 2174 1957 2242; x_wconf 87' lang='lat' dir='ltr'><strong>litore</strong></span> <span class='ocrx_word' id='word_1_110' title='bbox 2001 2175 2236 2258; x_wconf 85' lang='lat' dir='ltr'><strong>puppis</strong></span> <span class='ocrx_word' id='word_1_111' title='bbox 2281 2175 2435 2242; x_wconf 89' lang='lat' dir='ltr'><strong>erit:</strong></span> 
     </span>
     <span class='ocr_line' id='line_1_18' title="bbox 861 2280 2451 2366; baseline -0.002 -18"><span class='ocrx_word' id='word_1_112' title='bbox 861 2280 1137 2354; x_wconf 83' lang='lat' dir='ltr'><strong>Sedulus</strong></span> <span class='ocrx_word' id='word_1_113' title='bbox 1180 2299 1515 2348; x_wconf 83' lang='lat' dir='ltr'><strong>occurram</strong></span> <span class='ocrx_word' id='word_1_114' title='bbox 1560 2287 1822 2366; x_wconf 86' lang='lat' dir='ltr'><strong>nautae,</strong></span> <span class='ocrx_word' id='word_1_115' title='bbox 1869 2281 2176 2363; x_wconf 83' lang='lat' dir='ltr'><strong>dietaque</strong></span> <span class='ocrx_word' id='word_1_116' title='bbox 2221 2280 2451 2366; x_wconf 89' lang='lat' dir='ltr'><strong>salute,</strong></span> 
     </span>
     <span class='ocr_line' id='line_1_19' title="bbox 950 2386 2648 2472; baseline 0.001 -19"><span class='ocrx_word' id='word_1_117' title='bbox 950 2387 1121 2472; x_wconf 83' lang='lat' dir='ltr'><strong>Quid</strong></span> <span class='ocrx_word' id='word_1_118' title='bbox 1166 2389 1411 2471; x_wconf 84' lang='lat' dir='ltr'><strong>veniat,</strong></span> <span class='ocrx_word' id='word_1_119' title='bbox 1456 2407 1786 2470; x_wconf 79' lang='lat' dir='ltr'><strong>quaeram,</strong></span> <span class='ocrx_word' id='word_1_120' title='bbox 1832 2389 2064 2468; x_wconf 82' lang='lat' dir='ltr'><strong>quisve</strong></span> <span class='ocrx_word' id='word_1_121' title='bbox 2109 2388 2429 2469; x_wconf 84' lang='lat' dir='ltr'><strong>quibusve</strong></span> <span class='ocrx_word' id='word_1_122' title='bbox 2473 2386 2648 2454; x_wconf 87' lang='lat' dir='ltr'><strong>loeis.</strong></span> 
     </span>
     <span class='ocr_line' id='line_1_20' title="bbox 692 2493 2530 2578; baseline 0.001 -20"><span class='ocrx_word' id='word_1_123' title='bbox 692 2503 697 2506; x_wconf 82' lang='grc'><em>·</em></span> <span class='ocrx_word' id='word_1_124' title='bbox 772 2520 827 2560; x_wconf 71' lang='lat'><strong>³5</strong></span> <span class='ocrx_word' id='word_1_125' title='bbox 858 2493 983 2559; x_wconf 85' lang='lat' dir='ltr'><strong>Ille</strong></span> <span class='ocrx_word' id='word_1_126' title='bbox 1028 2495 1287 2575; x_wconf 88' lang='lat' dir='ltr'><strong>quidem</strong></span> <span class='ocrx_word' id='word_1_127' title='bbox 1332 2495 1568 2561; x_wconf 81' lang='lat' dir='ltr'><strong>mirum</strong></span> <span class='ocrx_word' id='word_1_128' title='bbox 1611 2496 1680 2560; x_wconf 93' lang='lat' dir='ltr'><strong>ni</strong></span> <span class='ocrx_word' id='word_1_129' title='bbox 1727 2496 1808 2561; x_wconf 94' lang='lat' dir='ltr'><strong>de</strong></span> <span class='ocrx_word' id='word_1_130' title='bbox 1854 2495 2120 2578; x_wconf 80' lang='lat' dir='ltr'><strong>regione</strong></span> <span class='ocrx_word' id='word_1_131' title='bbox 2165 2495 2530 2577; x_wconf 90' lang='lat' dir='ltr'><strong>propinqua</strong></span> 
     </span>
     <span class='ocr_line' id='line_1_21' title="bbox 949 2600 2314 2683; baseline 0.002 -16"><span class='ocrx_word' id='word_1_132' title='bbox 949 2600 1093 2668; x_wconf 92' lang='lat' dir='ltr'><strong>Non</strong></span> <span class='ocrx_word' id='word_1_133' title='bbox 1136 2600 1266 2668; x_wconf 89' lang='lat' dir='ltr'><strong>nisi</strong></span> <span class='ocrx_word' id='word_1_134' title='bbox 1309 2601 1561 2669; x_wconf 81' lang='lat' dir='ltr'><strong>vicinas</strong></span> <span class='ocrx_word' id='word_1_135' title='bbox 1602 2606 1791 2668; x_wconf 87' lang='lat' dir='ltr'><strong>tutus</strong></span> <span class='ocrx_word' id='word_1_136' title='bbox 1836 2601 2050 2668; x_wconf 84' lang='lat' dir='ltr'><strong>ararit</strong></span> <span class='ocrx_word' id='word_1_137' title='bbox 2093 2619 2314 2683; x_wconf 85' lang='lat' dir='ltr'><strong>aquas.</strong></span> 
     </span>
     <span class='ocr_line' id='line_1_22' title="bbox 860 2707 2578 2792; baseline 0 -18"><span class='ocrx_word' id='word_1_138' title='bbox 860 2707 1079 2775; x_wconf 88' lang='lat' dir='ltr'><strong>Rarus</strong></span> <span class='ocrx_word' id='word_1_139' title='bbox 1126 2709 1211 2774; x_wconf 90' lang='lat' dir='ltr'><strong>ab</strong></span> <span class='ocrx_word' id='word_1_140' title='bbox 1254 2708 1461 2775; x_wconf 86' lang='lat' dir='ltr'><strong>Italia</strong></span> <span class='ocrx_word' id='word_1_141' title='bbox 1503 2714 1765 2775; x_wconf 88' lang='lat' dir='ltr'><strong>tantum</strong></span> <span class='ocrx_word' id='word_1_142' title='bbox 1809 2728 1991 2775; x_wconf 86' lang='lat' dir='ltr'><strong>mare</strong></span> <span class='ocrx_word' id='word_1_143' title='bbox 2035 2708 2270 2776; x_wconf 88' lang='lat' dir='ltr'><strong>navita</strong></span> <span class='ocrx_word' id='word_1_144' title='bbox 2313 2708 2578 2792; x_wconf 87' lang='lat' dir='ltr'><strong>transit,</strong></span> 
     </span>
     <span class='ocr_line' id='line_1_23' title="bbox 950 2814 2560 2897; baseline 0 -16"><span class='ocrx_word' id='word_1_145' title='bbox 950 2814 1185 2881; x_wconf 89' lang='lat' dir='ltr'><strong>Litora</strong></span> <span class='ocrx_word' id='word_1_146' title='bbox 1226 2834 1417 2883; x_wconf 74' lang='lat' dir='ltr'><strong>rarus</strong></span> <span class='ocrx_word' id='word_1_147' title='bbox 1460 2815 1531 2881; x_wconf 91' lang='lat' dir='ltr'><strong>in</strong></span> <span class='ocrx_word' id='word_1_148' title='bbox 1575 2816 1739 2884; x_wconf 84' lang='lat' dir='ltr'><strong>haee</strong></span> <span class='ocrx_word' id='word_1_149' title='bbox 1784 2816 2104 2897; x_wconf 89' lang='lat' dir='ltr'><strong>portubus</strong></span> <span class='ocrx_word' id='word_1_150' title='bbox 2149 2816 2313 2881; x_wconf 88' lang='lat' dir='ltr'><strong>orba</strong></span> <span class='ocrx_word' id='word_1_151' title='bbox 2357 2815 2560 2881; x_wconf 85' lang='lat' dir='ltr'><strong>venit.</strong></span> 
     </span>
     <span class='ocr_line' id='line_1_24' title="bbox 864 2920 2514 3007; baseline -0.001 -20"><span class='ocrx_word' id='word_1_152' title='bbox 864 2920 1020 2988; x_wconf 86' lang='lat' dir='ltr'><strong>Sive</strong></span> <span class='ocrx_word' id='word_1_153' title='bbox 1065 2927 1289 2988; x_wconf 83' lang='lat' dir='ltr'><strong>tamen</strong></span> <span class='ocrx_word' id='word_1_154' title='bbox 1332 2921 1590 2989; x_wconf 83' lang='lat' dir='ltr'><strong>Graeca</strong></span> <span class='ocrx_word' id='word_1_155' title='bbox 1632 2922 1876 3007; x_wconf 79' lang='lat' dir='ltr'><strong>scierit,</strong></span> <span class='ocrx_word' id='word_1_156' title='bbox 1923 2922 2065 2989; x_wconf 84' lang='lat' dir='ltr'><strong>sive</strong></span> <span class='ocrx_word' id='word_1_157' title='bbox 2109 2922 2223 2988; x_wconf 86' lang='lat' dir='ltr'><strong>ille</strong></span> <span class='ocrx_word' id='word_1_158' title='bbox 2269 2921 2514 2987; x_wconf 89' lang='lat' dir='ltr'><strong>Latina</strong></span> 
     </span>
     <span class='ocr_line' id='line_1_25' title="bbox 774 3027 2289 3113; baseline 0.001 -20"><span class='ocrx_word' id='word_1_159' title='bbox 774 3055 831 3093; x_wconf 74' lang='grc' dir='ltr'><strong>ιο</strong></span> <span class='ocrx_word' id='word_1_160' title='bbox 949 3029 1129 3095; x_wconf 78' lang='lat' dir='ltr'><strong>Voce</strong></span> <span class='ocrx_word' id='word_1_161' title='bbox 1172 3027 1369 3111; x_wconf 87' lang='lat' dir='ltr'><strong>loqui,</strong></span> <span class='ocrx_word' id='word_1_162' title='bbox 1408 3033 1597 3095; x_wconf 79' lang='lat' dir='ltr'><strong>certe</strong></span> <span class='ocrx_word' id='word_1_163' title='bbox 1640 3030 1897 3113; x_wconf 77' lang='lat' dir='ltr'><strong>gratior</strong></span> <span class='ocrx_word' id='word_1_164' title='bbox 1938 3048 2098 3095; x_wconf 86' lang='lat' dir='ltr'><strong>usus</strong></span> <span class='ocrx_word' id='word_1_165' title='bbox 2141 3029 2289 3095; x_wconf 85' lang='lat' dir='ltr'><strong>erit.</strong></span> 
     </span>
     <span class='ocr_line' id='line_1_26' title="bbox 864 3134 2916 3219; baseline -0 -19"><span class='ocrx_word' id='word_1_166' title='bbox 864 3134 999 3199; x_wconf 86' lang='lat' dir='ltr'><strong>Fas</strong></span> <span class='ocrx_word' id='word_1_167' title='bbox 1044 3154 1299 3217; x_wconf 85' lang='lat' dir='ltr'><strong>quoque</strong></span> <span class='ocrx_word' id='word_1_168' title='bbox 1344 3135 1429 3201; x_wconf 89' lang='lat' dir='ltr'><strong>ab</strong></span> <span class='ocrx_word' id='word_1_169' title='bbox 1478 3152 1590 3201; x_wconf 87' lang='lat' dir='ltr'><strong>ore</strong></span> <span class='ocrx_word' id='word_1_170' title='bbox 1634 3134 1794 3202; x_wconf 83' lang='lat' dir='ltr'><strong>freti</strong></span> <span class='ocrx_word' id='word_1_171' title='bbox 1836 3136 2204 3219; x_wconf 84' lang='lat' dir='ltr'><strong>longaeque</strong></span> <span class='ocrx_word' id='word_1_172' title='bbox 2247 3134 2682 3217; x_wconf 83' lang='lat' dir='ltr'><strong>Propontidos</strong></span> <span class='ocrx_word' id='word_1_173' title='bbox 2727 3134 2916 3199; x_wconf 88' lang='lat' dir='ltr'><strong>undis</strong></span> 
     </span>
     <span class='ocr_line' id='line_1_27' title="bbox 952 3240 2496 3321; baseline -0.001 -13"><span class='ocrx_word' id='word_1_174' title='bbox 952 3240 1102 3309; x_wconf 82' lang='lat' dir='ltr'><strong>Huc</strong></span> <span class='ocrx_word' id='word_1_175' title='bbox 1148 3240 1433 3321; x_wconf 82' lang='lat' dir='ltr'><strong>aliquem</strong></span> <span class='ocrx_word' id='word_1_176' title='bbox 1478 3246 1659 3307; x_wconf 79' lang='lat' dir='ltr'><strong>certo</strong></span> <span class='ocrx_word' id='word_1_177' title='bbox 1706 3242 1860 3309; x_wconf 84' lang='lat' dir='ltr'><strong>vela</strong></span> <span class='ocrx_word' id='word_1_178' title='bbox 1904 3243 2162 3309; x_wconf 81' lang='lat' dir='ltr'><strong>dedisse</strong></span> <span class='ocrx_word' id='word_1_179' title='bbox 2206 3248 2362 3307; x_wconf 91' lang='lat' dir='ltr'><strong>noto</strong></span> <span class='ocrx_word' id='word_1_180' title='bbox 2407 3278 2496 3289; x_wconf 89' lang='lat'>—</span> 
     </span>
    </p>
   </div>
   <div class='ocr_carea' id='block_1_3' title="bbox 597 3490 3168 3633">
    <p class='ocr_par' dir='ltr' id='par_1_5' title="bbox 597 3490 3168 3633">
     <span class='ocr_line' id='line_1_28' title="bbox 700 3490 3168 3575; baseline -0.001 -29"><span class='ocrx_word' id='word_1_181' title='bbox 700 3494 791 3547; x_wconf 98' lang='grc'><strong>17.</strong></span> <span class='ocrx_word' id='word_1_182' title='bbox 864 3492 1009 3561; x_wconf 74' lang='lat' dir='ltr'><strong>istic]</strong></span> <span class='ocrx_word' id='word_1_183' title='bbox 1023 3491 1325 3574; x_wconf 81' lang='lat' dir='ltr'><strong>eigentlioh</strong></span> <span class='ocrx_word' id='word_1_184' title='bbox 1344 3508 1455 3575; x_wconf 85' lang='lat' dir='ltr'><strong>quo</strong></span> <span class='ocrx_word' id='word_1_185' title='bbox 1472 3492 1596 3546; x_wconf 86' lang='lat' dir='ltr'><strong>loeo</strong></span> <span class='ocrx_word' id='word_1_186' title='bbox 1614 3492 1842 3547; x_wconf 79' lang='lat' dir='ltr'><strong>arbores</strong></span> <span class='ocrx_word' id='word_1_187' title='bbox 1928 3492 2261 3563; x_wconf 81' lang='lat' dir='ltr'><strong>Pompejus,</strong></span> <span class='ocrx_word' id='word_1_188' title='bbox 2311 3491 2636 3558; x_wconf 78' lang='lat' dir='ltr'><strong>Marcellus,</strong></span> <span class='ocrx_word' id='word_1_189' title='bbox 2691 3490 2934 3559; x_wconf 81' lang='lat' dir='ltr'><strong>Balbus·</strong></span> <span class='ocrx_word' id='word_1_190' title='bbox 2987 3492 3168 3545; x_wconf 88' lang='lat' dir='ltr'><strong>forum</strong></span> 
     </span>
     <span class='ocr_line' id='line_1_29' title="bbox 597 3533 3026 3633; baseline 0 -20"><span class='ocrx_word' id='word_1_191' title='bbox 597 3562 815 3615; x_wconf 81' lang='lat' dir='ltr'><strong>vitesu</strong></span> <span class='ocrx_word' id='word_1_192' title='bbox 777 3578 849 3615; x_wconf 86' lang='lat' dir='ltr'><strong>ue</strong></span> <span class='ocrx_word' id='word_1_193' title='bbox 882 3568 1039 3627; x_wconf 83' lang='lat' dir='ltr'><strong>sunt,</strong></span> <span class='ocrx_word' id='word_1_194' title='bbox 1092 3562 1342 3632; x_wconf 79' lang='lat' dir='ltr'><strong>gemeint</strong></span> <span class='ocrx_word' id='word_1_195' title='bbox 1373 3563 1449 3615; x_wconf 75' lang='lat' dir='ltr'><strong>ist</strong></span> <span class='ocrx_word' id='word_1_196' title='bbox 1485 3561 1622 3616; x_wconf 83' lang='lat' dir='ltr'><strong>aber</strong></span> <span class='ocrx_word' id='word_1_197' title='bbox 1655 3568 1841 3617; x_wconf 59' lang='lat' dir='ltr'><strong>natm*-</strong></span> <span class='ocrx_word' id='word_1_198' title='bbox 1925 3533 2261 3631; x_wconf 83' lang='lat' dir='ltr'><strong>Romanum,</strong></span> <span class='ocrx_word' id='word_1_199' title='bbox 2296 3561 2338 3617; x_wconf 82' lang='lat' dir='ltr'><strong>f.</strong></span> <span class='ocrx_word' id='word_1_200' title='bbox 2375 3560 2647 3630; x_wconf 75' lang='lat' dir='ltr'><strong>Caesaris,</strong></span> <span class='ocrx_word' id='word_1_201' title='bbox 2687 3560 2728 3615; x_wconf 82' lang='lat' dir='ltr'><strong>f.</strong></span> <span class='ocrx_word' id='word_1_202' title='bbox 2767 3562 3026 3633; x_wconf 77' lang='lat' dir='ltr'><strong>Augusti.</strong></span> 
     </span>
    </p>
   </div>
   <div class='ocr_carea' id='block_1_4' title="bbox 598 3631 3171 4313">
    <p class='ocr_par' dir='ltr' id='par_1_6' title="bbox 598 3631 3168 3701">
     <span class='ocr_line' id='line_1_30' title="bbox 598 3631 3168 3701; baseline 0 -18"><span class='ocrx_word' id='word_1_203' title='bbox 598 3631 713 3684; x_wconf 86' lang='lat' dir='ltr'><strong>lieh</strong></span> <span class='ocrx_word' id='word_1_204' title='bbox 838 3647 911 3685; x_wconf 88' lang='lat' dir='ltr'><strong>m.</strong></span> <span class='ocrx_word' id='word_1_205' title='bbox 960 3660 1029 3669; x_wconf 89' lang='lat'><strong>——</strong></span> <span class='ocrx_word' id='word_1_206' title='bbox 1077 3633 1285 3685; x_wconf 71' lang='lat' dir='ltr'><strong>iunctis</strong></span> <span class='ocrx_word' id='word_1_207' title='bbox 1328 3648 1398 3686; x_wconf 74' lang='lat' dir='ltr'><strong>ex</strong></span> <span class='ocrx_word' id='word_1_208' title='bbox 1436 3632 1630 3686; x_wconf 80' lang='lat' dir='ltr'><strong>ordme</strong></span> <span class='ocrx_word' id='word_1_209' title='bbox 1664 3632 1841 3701; x_wconf 75' lang='lat' dir='ltr'><strong>festis]</strong></span> <span class='ocrx_word' id='word_1_210' title='bbox 2031 3632 2124 3688; x_wconf 75' lang='lat'><strong>25.</strong></span> <span class='ocrx_word' id='word_1_211' title='bbox 2195 3648 2308 3686; x_wconf 75' lang='lat' dir='ltr'><strong>non</strong></span> <span class='ocrx_word' id='word_1_212' title='bbox 2345 3638 2425 3687; x_wconf 74' lang='lat' dir='ltr'><strong>est</strong></span> <span class='ocrx_word' id='word_1_213' title='bbox 2457 3632 2766 3701; x_wconf 77' lang='lat' dir='ltr'><strong>numerare]</strong></span> <span class='ocrx_word' id='word_1_214' title='bbox 2793 3656 2867 3677; x_wconf 91' lang='lat'>=</span> <span class='ocrx_word' id='word_1_215' title='bbox 2889 3631 3168 3685; x_wconf 82' lang='lat' dir='ltr'><strong>numerari</strong></span> 
     </span>
    </p>

    <p class='ocr_par' dir='ltr' id='par_1_7' title="bbox 599 3698 2272 3768">
     <span class='ocr_line' id='line_1_31' title="bbox 599 3698 2272 3768; baseline 0.001 -15"><span class='ocrx_word' id='word_1_216' title='bbox 599 3701 752 3754; x_wconf 83' lang='lat' dir='ltr'><strong>einer</strong></span> <span class='ocrx_word' id='word_1_217' title='bbox 784 3698 967 3755; x_wconf 85' lang='lat' dir='ltr'><strong>Reihe</strong></span> <span class='ocrx_word' id='word_1_218' title='bbox 1002 3716 1110 3755; x_wconf 83' lang='lat' dir='ltr'><strong>von</strong></span> <span class='ocrx_word' id='word_1_219' title='bbox 1147 3699 1379 3768; x_wconf 77' lang='lat' dir='ltr'><strong>Festen3</strong></span> <span class='ocrx_word' id='word_1_220' title='bbox 1420 3719 1466 3754; x_wconf 85' lang='lat' dir='ltr'><strong>z.</strong></span> <span class='ocrx_word' id='word_1_221' title='bbox 1504 3699 1569 3754; x_wconf 94' lang='lat' dir='ltr'><strong>B.</strong></span> <span class='ocrx_word' id='word_1_222' title='bbox 1606 3701 1706 3755; x_wconf 75' lang='lat' dir='ltr'><strong>das</strong></span> <span class='ocrx_word' id='word_1_223' title='bbox 1741 3700 1841 3755; x_wconf 86' lang='lat' dir='ltr'><strong>der</strong></span> <span class='ocrx_word' id='word_1_224' title='bbox 1929 3718 2037 3755; x_wconf 86' lang='lat' dir='ltr'><strong>non</strong></span> <span class='ocrx_word' id='word_1_225' title='bbox 2147 3706 2272 3755; x_wconf 77' lang='lat' dir='ltr'><strong>test.</strong></span> 
     </span>
    </p>

    <p class='ocr_par' dir='ltr' id='par_1_8' title="bbox 599 3740 2786 3855">
     <span class='ocr_line' id='line_1_32' title="bbox 599 3740 2786 3855; baseline 0 -32"><span class='ocrx_word' id='word_1_226' title='bbox 599 3769 765 3823; x_wconf 77' lang='lat' dir='ltr'><strong>Ceres</strong></span> <span class='ocrx_word' id='word_1_227' title='bbox 801 3770 907 3836; x_wconf 83' lang='lat'>(.12</span> <span class='ocrx_word' id='word_1_228' title='bbox 909 3770 1065 3824; x_wconf 80' lang='grc'><strong>-19,</strong></span> <span class='ocrx_word' id='word_1_229' title='bbox 1091 3768 1297 3839; x_wconf 87' lang='lat' dir='ltr'><strong>April,</strong></span> <span class='ocrx_word' id='word_1_230' title='bbox 1334 3740 1433 3824; x_wconf 68' lang='lat' dir='ltr'><strong>d&#39;er</strong></span> <span class='ocrx_word' id='word_1_231' title='bbox 1456 3768 1841 3854; x_wconf 77' lang='lat' dir='ltr'><strong>Hirtengdttin</strong></span> <span class='ocrx_word' id='word_1_232' title='bbox 2194 3770 2454 3855; x_wconf 70' lang='lat' dir='ltr'><strong>stridula]</strong></span> <span class='ocrx_word' id='word_1_233' title='bbox 2489 3770 2786 3825; x_wconf 84' lang='lat' dir='ltr'><strong>kuarrend.</strong></span> 
     </span>
    </p>

    <p class='ocr_par' dir='ltr' id='par_1_9' title="bbox 599 3786 3166 3962">
     <span class='ocr_line' id='line_1_33' title="bbox 599 3786 3166 3962; baseline 0 -71"><span class='ocrx_word' id='word_1_234' title='bbox 599 3838 764 3891; x_wconf 75' lang='lat' dir='ltr'><strong>Pales</strong></span> <span class='ocrx_word' id='word_1_235' title='bbox 818 3839 924 3907; x_wconf 87' lang='grc'>(21.</span> <span class='ocrx_word' id='word_1_236' title='bbox 971 3786 1187 3962; x_wconf 46' lang='lat' dir='ltr'><strong>Agl-ibi),</strong></span> <span class='ocrx_word' id='word_1_237' title='bbox 1278 3810 1339 3893; x_wconf 62' lang='lat' dir='ltr'><strong>a·</strong></span> <span class='ocrx_word' id='word_1_238' title='bbox 1393 3837 1673 3893; x_wconf 73' lang='lat' dir='ltr'><strong>Weinfest</strong></span> <span class='ocrx_word' id='word_1_239' title='bbox 1726 3840 1838 3909; x_wconf 86' lang='lat' dir='ltr'><strong>(die</strong></span> <span class='ocrx_word' id='word_1_240' title='bbox 2031 3840 2159 3897; x_wconf 69' lang='lat' dir='ltr'><strong>alt.</strong></span> <span class='ocrx_word' id='word_1_241' title='bbox 2229 3839 2426 3894; x_wconf 74' lang='lat' dir='ltr'><strong>Dieses</strong></span> <span class='ocrx_word' id='word_1_242' title='bbox 2471 3838 2766 3893; x_wconf 78' lang='lat' dir='ltr'><strong>Distiohon</strong></span> <span class='ocrx_word' id='word_1_243' title='bbox 2812 3839 2886 3891; x_wconf 76' lang='lat' dir='ltr'><strong>ist</strong></span> <span class='ocrx_word' id='word_1_244' title='bbox 2932 3838 3013 3891; x_wconf 75' lang='lat' dir='ltr'><strong>ale</strong></span> <span class='ocrx_word' id='word_1_245' title='bbox 3062 3838 3166 3892; x_wconf 85' lang='lat' dir='ltr'><strong>Be-</strong></span> 
     </span>
    </p>

    <p class='ocr_par' dir='ltr' id='par_1_10' title="bbox 600 3840 2779 3983">
     <span class='ocr_line' id='line_1_34' title="bbox 600 3840 2779 3983; baseline 0.001 -22"><span class='ocrx_word' id='word_1_246' title='bbox 600 3840 855 3973; x_wconf 43' lang='lat' dir='ltr'><strong>Vinaliafi</strong></span> <span class='ocrx_word' id='word_1_247' title='bbox 904 3925 997 3963; x_wconf 80' lang='lat' dir='ltr'><strong>am</strong></span> <span class='ocrx_word' id='word_1_248' title='bbox 1026 3856 1125 3963; x_wconf 54' lang='lat' dir='ltr'><strong>{a</strong></span> <span class='ocrx_word' id='word_1_249' title='bbox 1161 3908 1379 3978; x_wconf 88' lang='lat' dir='ltr'><strong>April·</strong></span> <span class='ocrx_word' id='word_1_250' title='bbox 1426 3908 1527 3963; x_wconf 80' lang='lat' dir='ltr'><strong>das</strong></span> <span class='ocrx_word' id='word_1_251' title='bbox 1562 3842 1840 3965; x_wconf 76' lang='lat' dir='ltr'><strong>Florafest</strong></span> <span class='ocrx_word' id='word_1_252' title='bbox 2139 3926 2179 3983; x_wconf 79' lang='lat' dir='ltr'>g</span> <span class='ocrx_word' id='word_1_253' title='bbox 2213 3927 2284 3963; x_wconf 79' lang='lat' dir='ltr'><strong>zu</strong></span> <span class='ocrx_word' id='word_1_254' title='bbox 2320 3908 2390 3963; x_wconf 90' lang='lat' dir='ltr'><strong>V.</strong></span> <span class='ocrx_word' id='word_1_255' title='bbox 2416 3909 2484 3963; x_wconf 84' lang='lat'><strong>33</strong></span> <span class='ocrx_word' id='word_1_256' title='bbox 2631 3910 2779 3963; x_wconf 82' lang='lat' dir='ltr'><strong>aoht.</strong></span> 
     </span>
    </p>

    <p class='ocr_par' dir='ltr' id='par_1_11' title="bbox 599 3974 3171 4061">
     <span class='ocr_line' id='line_1_35' title="bbox 599 3974 3171 4061; baseline 0 -30"><span class='ocrx_word' id='word_1_257' title='bbox 599 3982 748 4049; x_wconf 79' lang='lat' dir='ltr'><strong>(vom</strong></span> <span class='ocrx_word' id='word_1_258' title='bbox 782 3976 869 4033; x_wconf 93' lang='grc'><strong>28.</strong></span> <span class='ocrx_word' id='word_1_259' title='bbox 905 3977 1069 4061; x_wconf 73' lang='lat' dir='ltr'><strong>April</strong></span> <span class='ocrx_word' id='word_1_260' title='bbox 1106 3978 1200 4048; x_wconf 83' lang='lat' dir='ltr'><strong>an)</strong></span> <span class='ocrx_word' id='word_1_261' title='bbox 1236 3994 1313 4032; x_wconf 89' lang='grc' dir='ltr'>ιιιι</span> <span class='ocrx_word' id='word_1_262' title='bbox 1389 3979 1593 4033; x_wconf 83' lang='lat' dir='ltr'><strong>andere</strong></span> <span class='ocrx_word' id='word_1_263' title='bbox 1628 3980 1803 4035; x_wconf 86' lang='lat' dir='ltr'><strong>mehr.</strong></span> <span class='ocrx_word' id='word_1_264' title='bbox 2197 3982 2384 4047; x_wconf 72' lang='lat' dir='ltr'><strong>quisve</strong></span> <span class='ocrx_word' id='word_1_265' title='bbox 2413 3980 2515 4046; x_wconf 75' lang='lat' dir='ltr'><strong>qui</strong></span> <span class='ocrx_word' id='word_1_266' title='bbox 2650 3994 2679 4033; x_wconf 78' lang='lat' dir='ltr'><strong>e</strong></span> <span class='ocrx_word' id='word_1_267' title='bbox 2705 3975 2851 4049; x_wconf 71' lang='lat' dir='ltr'><strong>locis]</strong></span> <span class='ocrx_word' id='word_1_268' title='bbox 2877 3974 2962 4038; x_wconf 81' lang='grc' dir='ltr'><strong>τίς</strong></span> <span class='ocrx_word' id='word_1_269' title='bbox 2983 3974 3171 4031; x_wconf 68' lang='grc' dir='ltr'><strong><em>πόθεν</em></strong></span> 
     </span>
    </p>

    <p class='ocr_par' dir='ltr' id='par_1_12' title="bbox 614 4044 2286 4118">
     <span class='ocr_line' id='line_1_36' title="bbox 614 4044 2286 4118; baseline 0 -15"><span class='ocrx_word' id='word_1_270' title='bbox 614 4100 642 4113; x_wconf 81' lang='grc'><strong>,,</strong></span> <span class='ocrx_word' id='word_1_271' title='bbox 703 4048 794 4103; x_wconf 73' lang='lat'><strong>10.</strong></span> <span class='ocrx_word' id='word_1_272' title='bbox 868 4046 1015 4101; x_wconf 72' lang='lat' dir='ltr'><strong>Ovad</strong></span> <span class='ocrx_word' id='word_1_273' title='bbox 1074 4050 1248 4102; x_wconf 85' lang='lat' dir='ltr'><strong>meint</strong></span> <span class='ocrx_word' id='word_1_274' title='bbox 1316 4048 1410 4103; x_wconf 84' lang='lat' dir='ltr'><strong>die</strong></span> <span class='ocrx_word' id='word_1_275' title='bbox 1468 4048 1655 4118; x_wconf 87' lang='lat' dir='ltr'><strong>Spiele</strong></span> <span class='ocrx_word' id='word_1_276' title='bbox 1725 4050 1841 4103; x_wconf 82' lang='lat' dir='ltr'><strong>und</strong></span> <span class='ocrx_word' id='word_1_277' title='bbox 1929 4044 2010 4112; x_wconf 75' lang='grc' dir='ltr'><strong>εἷς</strong></span> <span class='ocrx_word' id='word_1_278' title='bbox 2043 4049 2190 4117; x_wconf 65' lang='lat' dir='ltr'><strong>&amp;udo</strong></span> <span class='ocrx_word' id='word_1_279' title='bbox 2191 4054 2286 4104; x_wconf 79' lang='grc' dir='ltr'><strong>ὤν.</strong></span> 
     </span>
    </p>

    <p class='ocr_par' dir='ltr' id='par_1_13' title="bbox 602 4069 3168 4191">
     <span class='ocr_line' id='line_1_37' title="bbox 602 4069 3168 4191; baseline -0.001 -19"><span class='ocrx_word' id='word_1_280' title='bbox 602 4116 881 4188; x_wconf 80' lang='lat' dir='ltr'><strong>Ubungen</strong></span> <span class='ocrx_word' id='word_1_281' title='bbox 934 4117 1034 4171; x_wconf 87' lang='lat' dir='ltr'><strong>der</strong></span> <span class='ocrx_word' id='word_1_282' title='bbox 1080 4118 1319 4172; x_wconf 82' lang='lat' dir='ltr'><strong>Knaben</strong></span> <span class='ocrx_word' id='word_1_283' title='bbox 1372 4118 1487 4172; x_wconf 76' lang='lat' dir='ltr'><strong>und</strong></span> <span class='ocrx_word' id='word_1_284' title='bbox 1532 4117 1572 4173; x_wconf 84' lang='lat' dir='ltr'><strong>J</strong></span> <span class='ocrx_word' id='word_1_285' title='bbox 1574 4118 1841 4191; x_wconf 74' lang='lat' dir='ltr'><strong>unghnge</strong></span> <span class='ocrx_word' id='word_1_286' title='bbox 2031 4069 2190 4175; x_wconf 64' lang='grc' dir='ltr'><strong>35ί.ρ</strong></span> <span class='ocrx_word' id='word_1_287' title='bbox 2235 4118 2394 4173; x_wconf 83' lang='lat' dir='ltr'><strong>Sinn-</strong></span> <span class='ocrx_word' id='word_1_288' title='bbox 2447 4118 2559 4172; x_wconf 80' lang='lat' dir='ltr'><strong>viel</strong></span> <span class='ocrx_word' id='word_1_289' title='bbox 2606 4116 2790 4173; x_wconf 76' lang='lat' dir='ltr'><strong>Neues</strong></span> <span class='ocrx_word' id='word_1_290' title='bbox 2840 4115 3023 4170; x_wconf 79' lang='lat' dir='ltr'><strong>werde</strong></span> <span class='ocrx_word' id='word_1_291' title='bbox 3074 4116 3168 4170; x_wconf 81' lang='lat' dir='ltr'><strong>ich</strong></span> 
     </span>
    </p>

    <p class='ocr_par' dir='ltr' id='par_1_14' title="bbox 600 4184 3169 4313">
     <span class='ocr_line' id='line_1_38' title="bbox 600 4184 3169 4243; baseline 0 -4"><span class='ocrx_word' id='word_1_292' title='bbox 600 4187 703 4239; x_wconf 85' lang='lat' dir='ltr'><strong>auf</strong></span> <span class='ocrx_word' id='word_1_293' title='bbox 734 4187 861 4240; x_wconf 79' lang='lat' dir='ltr'><strong>dem</strong></span> <span class='ocrx_word' id='word_1_294' title='bbox 894 4186 1215 4241; x_wconf 77' lang='lat' dir='ltr'><strong>Marsfelde.</strong></span> <span class='ocrx_word' id='word_1_295' title='bbox 1926 4190 2074 4243; x_wconf 78' lang='lat' dir='ltr'><strong>wohl</strong></span> <span class='ocrx_word' id='word_1_296' title='bbox 2111 4189 2268 4242; x_wconf 84' lang='lat' dir='ltr'><strong>nieht</strong></span> <span class='ocrx_word' id='word_1_297' title='bbox 2301 4205 2373 4241; x_wconf 77' lang='lat' dir='ltr'><strong>zu</strong></span> <span class='ocrx_word' id='word_1_298' title='bbox 2407 4189 2579 4242; x_wconf 72' lang='lat' dir='ltr'><strong>honen</strong></span> <span class='ocrx_word' id='word_1_299' title='bbox 2615 4186 2944 4240; x_wconf 76' lang='lat' dir='ltr'><strong>bekommen</strong></span> <span class='ocrx_word' id='word_1_300' title='bbox 3023 4184 3169 4239; x_wconf 81' lang='lat' dir='ltr'><strong>denn</strong></span> 
     </span>
     <span class='ocr_line' id='line_1_39' title="bbox 704 4227 3169 4313; baseline -0.001 -2"><span class='ocrx_word' id='word_1_301' title='bbox 704 4257 797 4312; x_wconf 88' lang='grc'><strong>22.</strong></span> <span class='ocrx_word' id='word_1_302' title='bbox 868 4256 923 4311; x_wconf 84' lang='lat' dir='ltr'><strong>S.</strong></span> <span class='ocrx_word' id='word_1_303' title='bbox 964 4256 1065 4310; x_wconf 70' lang='lat' dir='ltr'><strong>das</strong></span> <span class='ocrx_word' id='word_1_304' title='bbox 1100 4256 1657 4312; x_wconf 73' lang='lat' dir='ltr'><strong>Namenverzeiohnis</strong></span> <span class='ocrx_word' id='word_1_305' title='bbox 1678 4264 1843 4313; x_wconf 85' lang='lat' dir='ltr'><strong>unter</strong></span> <span class='ocrx_word' id='word_1_306' title='bbox 1929 4274 1992 4313; x_wconf 88' lang='lat' dir='ltr'><strong>er</strong></span> <span class='ocrx_word' id='word_1_307' title='bbox 2044 4257 2182 4312; x_wconf 67' lang='lat' dir='ltr'><strong>vird</strong></span> <span class='ocrx_word' id='word_1_308' title='bbox 2235 4258 2383 4313; x_wconf 79' lang='lat' dir='ltr'><strong>wohl</strong></span> <span class='ocrx_word' id='word_1_309' title='bbox 2434 4274 2542 4311; x_wconf 86' lang='lat' dir='ltr'><strong>nur</strong></span> <span class='ocrx_word' id='word_1_310' title='bbox 2594 4274 2694 4310; x_wconf 78' lang='lat' dir='ltr'><strong>aus</strong></span> <span class='ocrx_word' id='word_1_311' title='bbox 2744 4256 2846 4309; x_wconf 88' lang='lat' dir='ltr'><strong>der</strong></span> <span class='ocrx_word' id='word_1_312' title='bbox 2903 4227 3169 4309; x_wconf 61' lang='lat' dir='ltr'><strong>niiehsten</strong></span> 
     </span>
    </p>
   </div>
   <div class='ocr_carea' id='block_1_5' title="bbox 602 4324 3170 4607">
    <p class='ocr_par' dir='ltr' id='par_1_15' title="bbox 602 4324 3150 4607">
     <span class='ocr_line' id='line_1_40' title="bbox 602 4324 2551 4383; baseline 0.001 -4"><span class='ocrx_word' id='word_1_313' title='bbox 602 4324 709 4379; x_wconf 87' lang='lat' dir='ltr'><strong>Vir</strong></span> <span class='ocrx_word' id='word_1_314' title='bbox 1929 4327 2385 4383; x_wconf 74' lang='lat' dir='ltr'><strong>Nachbarsehaft</strong></span> <span class='ocrx_word' id='word_1_315' title='bbox 2419 4328 2551 4381; x_wconf 81' lang='lat' dir='ltr'><strong>sein.</strong></span> 
     </span>
     <span class='ocr_line' id='line_1_41' title="bbox 703 4343 3089 4479; baseline -0.001 -28.996"><span class='ocrx_word' id='word_1_316' title='bbox 703 4343 797 4451; x_wconf 51' lang='grc' dir='ltr'><strong>ἓ.</strong></span> <span class='ocrx_word' id='word_1_317' title='bbox 865 4393 1046 4479; x_wconf 74' lang='lat' dir='ltr'><strong>favor]</strong></span> <span class='ocrx_word' id='word_1_318' title='bbox 1076 4394 1173 4449; x_wconf 74' lang='lat' dir='ltr'><strong>des</strong></span> <span class='ocrx_word' id='word_1_319' title='bbox 1195 4394 1545 4451; x_wconf 85' lang='lat' dir='ltr'><strong>Publikums.</strong></span> <span class='ocrx_word' id='word_1_320' title='bbox 1570 4428 1639 4437; x_wconf 91' lang='lat'><strong>—</strong></span> <span class='ocrx_word' id='word_1_321' title='bbox 1663 4397 1843 4468; x_wconf 62' lang='grc' dir='ltr'>πᾶσι]</span> <span class='ocrx_word' id='word_1_322' title='bbox 2034 4398 2127 4453; x_wconf 79' lang='lat'><strong>40.</strong></span> <span class='ocrx_word' id='word_1_323' title='bbox 2198 4398 2350 4467; x_wconf 69' lang='lat' dir='ltr'><strong>usus]</strong></span> <span class='ocrx_word' id='word_1_324' title='bbox 2387 4397 2487 4451; x_wconf 86' lang='lat' dir='ltr'><strong>der</strong></span> <span class='ocrx_word' id='word_1_325' title='bbox 2520 4394 2784 4479; x_wconf 78' lang='lat' dir='ltr'><strong>Umgang</strong></span> <span class='ocrx_word' id='word_1_326' title='bbox 2819 4396 2922 4448; x_wconf 88' lang='lat' dir='ltr'><strong>mit</strong></span> <span class='ocrx_word' id='word_1_327' title='bbox 2953 4394 3089 4448; x_wconf 88' lang='lat' dir='ltr'><strong>ihm.</strong></span> 
     </span>
     <span class='ocr_line' id='line_1_42' title="bbox 602 4412 3170 4536; baseline 0 -19"><span class='ocrx_word' id='word_1_328' title='bbox 602 4463 804 4518; x_wconf 73' lang='lat' dir='ltr'><strong>erhitzt</strong></span> <span class='ocrx_word' id='word_1_329' title='bbox 838 4466 981 4521; x_wconf 73' lang='lat' dir='ltr'><strong>sich.</strong></span> <span class='ocrx_word' id='word_1_330' title='bbox 2032 4468 2126 4523; x_wconf 77' lang='lat'><strong>41.</strong></span> <span class='ocrx_word' id='word_1_331' title='bbox 2191 4469 2290 4535; x_wconf 77' lang='lat' dir='ltr'><strong>fas</strong></span> <span class='ocrx_word' id='word_1_332' title='bbox 2310 4467 2543 4536; x_wconf 70' lang='lat' dir='ltr'><strong>quoque]</strong></span> <span class='ocrx_word' id='word_1_333' title='bbox 2566 4412 2809 4536; x_wconf 64' lang='grc' dir='ltr'>ιιιὸςὶἱοῑι</span> <span class='ocrx_word' id='word_1_334' title='bbox 2831 4468 2980 4518; x_wconf 60' lang='lat' dir='ltr'><strong>ware</strong></span> <span class='ocrx_word' id='word_1_335' title='bbox 3005 4464 3170 4517; x_wconf 81' lang='lat' dir='ltr'><strong>auch.</strong></span> 
     </span>
     <span class='ocr_line' id='line_1_43' title="bbox 704 4533 2748 4607; baseline -0.001 -17"><span class='ocrx_word' id='word_1_336' title='bbox 704 4534 794 4590; x_wconf 77' lang='lat'><strong>24.</strong></span> <span class='ocrx_word' id='word_1_337' title='bbox 868 4533 1128 4590; x_wconf 83' lang='lat' dir='ltr'><strong>Gemeint</strong></span> <span class='ocrx_word' id='word_1_338' title='bbox 1174 4534 1299 4588; x_wconf 84' lang='lat' dir='ltr'><strong>sind</strong></span> <span class='ocrx_word' id='word_1_339' title='bbox 1336 4535 1426 4590; x_wconf 83' lang='lat' dir='ltr'><strong>die</strong></span> <span class='ocrx_word' id='word_1_340' title='bbox 1462 4535 1711 4590; x_wconf 84' lang='lat' dir='ltr'><strong>Theater</strong></span> <span class='ocrx_word' id='word_1_341' title='bbox 1745 4534 1843 4591; x_wconf 78' lang='lat' dir='ltr'><strong>des</strong></span> <span class='ocrx_word' id='word_1_342' title='bbox 1919 4568 1997 4579; x_wconf 89' lang='lat'><strong>-—-</strong></span> <span class='ocrx_word' id='word_1_343' title='bbox 2035 4538 2106 4591; x_wconf 82' lang='lat' dir='ltr'><strong>ab</strong></span> <span class='ocrx_word' id='word_1_344' title='bbox 2143 4539 2254 4607; x_wconf 80' lang='lat' dir='ltr'><strong>ore]</strong></span> <span class='ocrx_word' id='word_1_345' title='bbox 2289 4553 2418 4590; x_wconf 80' lang='lat' dir='ltr'><strong>vom</strong></span> <span class='ocrx_word' id='word_1_346' title='bbox 2452 4535 2748 4606; x_wconf 75' lang='lat' dir='ltr'><strong>Bosporus.</strong></span> 
     </span>
    </p>
   </div>
   <div class='ocr_carea' id='block_1_6' title="bbox 3675 385 3682 1234">
    <p class='ocr_par' dir='ltr' id='par_1_16' title="bbox 3675 385 3682 1234">
     <span class='ocr_line' id='line_1_44' title="bbox 3675 385 3682 1234; baseline 0 0"><span class='ocrx_word' id='word_1_347' title='bbox 3675 385 3682 1234; x_wconf 95' lang='lat' dir='ltr'><strong> </strong></span> 
     </span>
    </p>
   </div>
  </div>
 </body>
</html>
