<?xml version="1.0" encoding="UTF-8"?>
<!DOCTYPE html PUBLIC "-//W3C//DTD XHTML 1.0 Transitional//EN"
    "http://www.w3.org/TR/xhtml1/DTD/xhtml1-transitional.dtd">
<html xmlns="http://www.w3.org/1999/xhtml" xml:lang="en" lang="en">
 <head>
  <title>
</title>
<meta http-equiv="Content-Type" content="text/html;charset=utf-8" />
  <meta name='ocr-system' content='tesseract 3.04.00' />
  <meta name='ocr-capabilities' content='ocr_page ocr_carea ocr_par ocr_line ocrx_word'/>
</head>
<body>
  <div class='ocr_page' id='page_1' title='image "./fastitristiaepi00brangoog_0136.png"; bbox 0 0 3684 5275; ppageno 0'>
   <div class='ocr_carea' id='block_1_1' title="bbox 604 423 2106 491">
    <p class='ocr_par' dir='ltr' id='par_1_1' title="bbox 604 423 2106 491">
     <span class='ocr_line' id='line_1_1' title="bbox 604 423 2106 491; baseline 0.003 -4"><span class='ocrx_word' id='word_1_1' title='bbox 604 423 729 488; x_wconf 83' lang='lat'><strong>124</strong></span> <span class='ocrx_word' id='word_1_2' title='bbox 1614 471 1621 477; x_wconf 85' lang='lat'><strong>·</strong></span> <span class='ocrx_word' id='word_1_3' title='bbox 1682 435 1920 490; x_wconf 81' lang='lat' dir='ltr'><strong>Zweiter</strong></span> <span class='ocrx_word' id='word_1_4' title='bbox 1961 437 2106 491; x_wconf 83' lang='lat' dir='ltr'><strong>Teil.</strong></span> 
     </span>
    </p>
   </div>
   <div class='ocr_carea' id='block_1_2' title="bbox 760 598 3068 3767">
    <p class='ocr_par' dir='ltr' id='par_1_2' title="bbox 760 598 3068 3767">
     <span class='ocr_line' id='line_1_2' title="bbox 958 598 2518 682; baseline 0.002 -18"><span class='ocrx_word' id='word_1_5' title='bbox 958 598 1098 681; x_wconf 79' lang='lat' dir='ltr'><strong>Quo</strong></span> <span class='ocrx_word' id='word_1_6' title='bbox 1147 599 1303 664; x_wconf 88' lang='lat' dir='ltr'><strong>dare</strong></span> <span class='ocrx_word' id='word_1_7' title='bbox 1348 599 1441 664; x_wconf 91' lang='lat' dir='ltr'><strong>nil</strong></span> <span class='ocrx_word' id='word_1_8' title='bbox 1488 599 1672 680; x_wconf 91' lang='lat' dir='ltr'><strong>potui</strong></span> <span class='ocrx_word' id='word_1_9' title='bbox 1717 617 1983 666; x_wconf 90' lang='lat' dir='ltr'><strong>munere</strong></span> <span class='ocrx_word' id='word_1_10' title='bbox 2029 600 2254 682; x_wconf 88' lang='lat' dir='ltr'><strong>maius,</strong></span> <span class='ocrx_word' id='word_1_11' title='bbox 2299 601 2518 667; x_wconf 73' lang='lat' dir='ltr'><strong>habes</strong></span> 
     </span>
     <span class='ocr_line' id='line_1_3' title="bbox 785 705 2598 791; baseline 0.003 -23"><span class='ocrx_word' id='word_1_12' title='bbox 785 728 839 768; x_wconf 83' lang='lat'><strong>15</strong></span> <span class='ocrx_word' id='word_1_13' title='bbox 870 705 1075 787; x_wconf 83' lang='lat' dir='ltr'><strong>Adde,</strong></span> <span class='ocrx_word' id='word_1_14' title='bbox 1123 705 1309 788; x_wconf 89' lang='lat' dir='ltr'><strong>quod,</strong></span> <span class='ocrx_word' id='word_1_15' title='bbox 1352 710 1430 771; x_wconf 90' lang='lat' dir='ltr'><strong>ut</strong></span> <span class='ocrx_word' id='word_1_16' title='bbox 1475 723 1690 770; x_wconf 88' lang='lat' dir='ltr'><strong>rerum</strong></span> <span class='ocrx_word' id='word_1_17' title='bbox 1735 705 1874 771; x_wconf 84' lang='lat' dir='ltr'><strong>sola</strong></span> <span class='ocrx_word' id='word_1_18' title='bbox 1920 724 1989 772; x_wconf 86' lang='lat' dir='ltr'><strong>es</strong></span> <span class='ocrx_word' id='word_1_19' title='bbox 2036 707 2248 772; x_wconf 88' lang='lat' dir='ltr'><strong>tutela</strong></span> <span class='ocrx_word' id='word_1_20' title='bbox 2292 726 2598 791; x_wconf 82' lang='lat' dir='ltr'><strong>mearum,</strong></span> 
     </span>
     <span class='ocr_line' id='line_1_4' title="bbox 958 812 2351 905; baseline 0.003 -30"><span class='ocrx_word' id='word_1_21' title='bbox 958 812 1063 875; x_wconf 88' lang='lat' dir='ltr'><strong>Ad</strong></span> <span class='ocrx_word' id='word_1_22' title='bbox 1108 816 1177 876; x_wconf 91' lang='lat' dir='ltr'><strong>te</strong></span> <span class='ocrx_word' id='word_1_23' title='bbox 1222 830 1351 877; x_wconf 92' lang='lat' dir='ltr'><strong>non</strong></span> <span class='ocrx_word' id='word_1_24' title='bbox 1397 812 1588 893; x_wconf 86' lang='lat' dir='ltr'><strong>parvi</strong></span> <span class='ocrx_word' id='word_1_25' title='bbox 1634 812 1819 877; x_wconf 85' lang='lat' dir='ltr'><strong>venit</strong></span> <span class='ocrx_word' id='word_1_26' title='bbox 1863 813 2128 878; x_wconf 89' lang='lat' dir='ltr'><strong>honoris</strong></span> <span class='ocrx_word' id='word_1_27' title='bbox 2163 830 2351 905; x_wconf 29' lang='lat' dir='ltr'><strong>‘onus</strong></span> 
     </span>
     <span class='ocr_line' id='line_1_5' title="bbox 868 917 2700 1002; baseline 0.002 -20"><span class='ocrx_word' id='word_1_28' title='bbox 868 917 1055 1000; x_wconf 80' lang='lat' dir='ltr'><strong>Quod</strong></span> <span class='ocrx_word' id='word_1_29' title='bbox 1098 937 1447 999; x_wconf 84' lang='lat' dir='ltr'><strong>numquam</strong></span> <span class='ocrx_word' id='word_1_30' title='bbox 1492 935 1623 984; x_wconf 81' lang='lat' dir='ltr'><strong>vox</strong></span> <span class='ocrx_word' id='word_1_31' title='bbox 1668 923 1771 982; x_wconf 89' lang='lat' dir='ltr'><strong>est</strong></span> <span class='ocrx_word' id='word_1_32' title='bbox 1817 919 1898 984; x_wconf 90' lang='lat' dir='ltr'><strong>de</strong></span> <span class='ocrx_word' id='word_1_33' title='bbox 1943 923 2012 984; x_wconf 87' lang='lat' dir='ltr'><strong>te</strong></span> <span class='ocrx_word' id='word_1_34' title='bbox 2059 937 2204 984; x_wconf 83' lang='lat' dir='ltr'><strong>mea</strong></span> <span class='ocrx_word' id='word_1_35' title='bbox 2249 926 2430 985; x_wconf 90' lang='lat' dir='ltr'><strong>muta</strong></span> <span class='ocrx_word' id='word_1_36' title='bbox 2477 921 2700 1002; x_wconf 89' lang='lat' dir='ltr'><strong>tuique</strong></span> 
     </span>
     <span class='ocr_line' id='line_1_6' title="bbox 957 1023 2176 1106; baseline 0.002 -18"><span class='ocrx_word' id='word_1_37' title='bbox 957 1023 1226 1090; x_wconf 81' lang='lat' dir='ltr'><strong>Iudiciis</strong></span> <span class='ocrx_word' id='word_1_38' title='bbox 1272 1024 1468 1090; x_wconf 86' lang='lat' dir='ltr'><strong>debes</strong></span> <span class='ocrx_word' id='word_1_39' title='bbox 1516 1041 1656 1090; x_wconf 86' lang='lat' dir='ltr'><strong>esse</strong></span> <span class='ocrx_word' id='word_1_40' title='bbox 1702 1025 1986 1106; x_wconf 87' lang='lat' dir='ltr'><strong>superba</strong></span> <span class='ocrx_word' id='word_1_41' title='bbox 2031 1025 2176 1090; x_wconf 86' lang='lat' dir='ltr'><strong>viri.</strong></span> 
     </span>
     <span class='ocr_line' id='line_1_7' title="bbox 866 1129 2581 1214; baseline 0.002 -20"><span class='ocrx_word' id='word_1_42' title='bbox 866 1129 1049 1212; x_wconf 79' lang='lat' dir='ltr'><strong>Quae</strong></span> <span class='ocrx_word' id='word_1_43' title='bbox 1094 1149 1175 1195; x_wconf 90' lang='lat' dir='ltr'><strong>ne</strong></span> <span class='ocrx_word' id='word_1_44' title='bbox 1223 1130 1367 1210; x_wconf 87' lang='lat' dir='ltr'><strong>quis</strong></span> <span class='ocrx_word' id='word_1_45' title='bbox 1412 1130 1617 1210; x_wconf 77' lang='lat' dir='ltr'><strong>possit</strong></span> <span class='ocrx_word' id='word_1_46' title='bbox 1662 1131 2016 1197; x_wconf 87' lang='lat' dir='ltr'><strong>temeraria</strong></span> <span class='ocrx_word' id='word_1_47' title='bbox 2063 1132 2294 1214; x_wconf 82' lang='lat' dir='ltr'><strong>dicere,</strong></span> <span class='ocrx_word' id='word_1_48' title='bbox 2340 1137 2581 1214; x_wconf 87' lang='lat' dir='ltr'><strong>persta,</strong></span> 
     </span>
     <span class='ocr_line' id='line_1_8' title="bbox 778 1235 2463 1319; baseline 0.003 -20"><span class='ocrx_word' id='word_1_49' title='bbox 778 1261 833 1300; x_wconf 82' lang='lat'><strong>20</strong></span> <span class='ocrx_word' id='word_1_50' title='bbox 952 1235 1045 1300; x_wconf 88' lang='lat' dir='ltr'><strong>Et</strong></span> <span class='ocrx_word' id='word_1_51' title='bbox 1088 1237 1345 1317; x_wconf 88' lang='lat' dir='ltr'><strong>pariter</strong></span> <span class='ocrx_word' id='word_1_52' title='bbox 1386 1253 1582 1302; x_wconf 87' lang='lat' dir='ltr'><strong>serva</strong></span> <span class='ocrx_word' id='word_1_53' title='bbox 1624 1254 1856 1317; x_wconf 89' lang='lat' dir='ltr'><strong>meque</strong></span> <span class='ocrx_word' id='word_1_54' title='bbox 1901 1238 2203 1319; x_wconf 83' lang='lat' dir='ltr'><strong>piamque</strong></span> <span class='ocrx_word' id='word_1_55' title='bbox 2245 1239 2463 1304; x_wconf 81' lang='lat' dir='ltr'><strong>fidem!</strong></span> 
     </span>
     <span class='ocr_line' id='line_1_9' title="bbox 864 1341 2784 1426; baseline 0.003 -21"><span class='ocrx_word' id='word_1_56' title='bbox 864 1341 1030 1406; x_wconf 88' lang='lat' dir='ltr'><strong>Nam</strong></span> <span class='ocrx_word' id='word_1_57' title='bbox 1076 1347 1210 1424; x_wconf 87' lang='lat' dir='ltr'><strong>tua,</strong></span> <span class='ocrx_word' id='word_1_58' title='bbox 1258 1344 1408 1407; x_wconf 89' lang='lat' dir='ltr'><strong>dum</strong></span> <span class='ocrx_word' id='word_1_59' title='bbox 1452 1343 1771 1426; x_wconf 89' lang='lat' dir='ltr'><strong>stetimus,</strong></span> <span class='ocrx_word' id='word_1_60' title='bbox 1818 1345 1998 1424; x_wconf 90' lang='lat' dir='ltr'><strong>turpi</strong></span> <span class='ocrx_word' id='word_1_61' title='bbox 2045 1345 2186 1410; x_wconf 91' lang='lat' dir='ltr'><strong>sine</strong></span> <span class='ocrx_word' id='word_1_62' title='bbox 2231 1345 2500 1411; x_wconf 89' lang='lat' dir='ltr'><strong>crimine</strong></span> <span class='ocrx_word' id='word_1_63' title='bbox 2545 1346 2784 1411; x_wconf 84' lang='lat' dir='ltr'><strong>mansit</strong></span> 
     </span>
     <span class='ocr_line' id='line_1_10' title="bbox 954 1448 2390 1531; baseline 0.002 -18"><span class='ocrx_word' id='word_1_64' title='bbox 954 1448 1047 1513; x_wconf 88' lang='lat' dir='ltr'><strong>Et</strong></span> <span class='ocrx_word' id='word_1_65' title='bbox 1093 1452 1349 1514; x_wconf 83' lang='lat' dir='ltr'><strong>tantum</strong></span> <span class='ocrx_word' id='word_1_66' title='bbox 1395 1449 1689 1529; x_wconf 78' lang='lat' dir='ltr'><strong>probitas</strong></span> <span class='ocrx_word' id='word_1_67' title='bbox 1734 1451 2200 1531; x_wconf 83' lang='lat' dir='ltr'><strong>inreprehensa</strong></span> <span class='ocrx_word' id='word_1_68' title='bbox 2243 1451 2390 1516; x_wconf 77' lang='lat' dir='ltr'><strong>fuit.</strong></span> 
     </span>
     <span class='ocr_line' id='line_1_11' title="bbox 864 1555 2467 1638; baseline 0.002 -19"><span class='ocrx_word' id='word_1_69' title='bbox 864 1555 1043 1620; x_wconf 79' lang='lat' dir='ltr'><strong>Area</strong></span> <span class='ocrx_word' id='word_1_70' title='bbox 1088 1556 1167 1620; x_wconf 91' lang='lat' dir='ltr'><strong>de</strong></span> <span class='ocrx_word' id='word_1_71' title='bbox 1213 1560 1442 1620; x_wconf 88' lang='lat' dir='ltr'><strong>nostra</strong></span> <span class='ocrx_word' id='word_1_72' title='bbox 1486 1574 1659 1621; x_wconf 93' lang='lat' dir='ltr'><strong>nunc</strong></span> <span class='ocrx_word' id='word_1_73' title='bbox 1704 1562 1805 1622; x_wconf 88' lang='lat' dir='ltr'><strong>est</strong></span> <span class='ocrx_word' id='word_1_74' title='bbox 1851 1557 1976 1622; x_wconf 89' lang='lat' dir='ltr'><strong>tibi</strong></span> <span class='ocrx_word' id='word_1_75' title='bbox 2023 1556 2205 1623; x_wconf 71' lang='lat' dir='ltr'><strong>facta</strong></span> <span class='ocrx_word' id='word_1_76' title='bbox 2251 1557 2467 1638; x_wconf 82' lang='lat' dir='ltr'><strong>ruina3</strong></span> 
     </span>
     <span class='ocr_line' id='line_1_12' title="bbox 953 1659 2437 1745; baseline 0.002 -19"><span class='ocrx_word' id='word_1_77' title='bbox 953 1659 1378 1742; x_wconf 88' lang='lat' dir='ltr'><strong>Conspicuum</strong></span> <span class='ocrx_word' id='word_1_78' title='bbox 1423 1663 1639 1728; x_wconf 85' lang='lat' dir='ltr'><strong>virtus</strong></span> <span class='ocrx_word' id='word_1_79' title='bbox 1685 1663 1792 1728; x_wconf 89' lang='lat' dir='ltr'><strong>hic</strong></span> <span class='ocrx_word' id='word_1_80' title='bbox 1836 1667 1956 1728; x_wconf 86' lang='lat' dir='ltr'><strong>tua</strong></span> <span class='ocrx_word' id='word_1_81' title='bbox 1999 1669 2202 1745; x_wconf 88' lang='lat' dir='ltr'><strong>ponat</strong></span> <span class='ocrx_word' id='word_1_82' title='bbox 2247 1666 2437 1744; x_wconf 83' lang='lat' dir='ltr'><strong>opus!</strong></span> 
     </span>
     <span class='ocr_line' id='line_1_13' title="bbox 774 1766 3068 1854; baseline 0.002 -24"><span class='ocrx_word' id='word_1_83' title='bbox 774 1790 827 1829; x_wconf 79' lang='lat'><strong>25</strong></span> <span class='ocrx_word' id='word_1_84' title='bbox 860 1767 1024 1832; x_wconf 87' lang='lat' dir='ltr'><strong>Esse</strong></span> <span class='ocrx_word' id='word_1_85' title='bbox 1068 1767 1305 1832; x_wconf 85' lang='lat' dir='ltr'><strong>bonam</strong></span> <span class='ocrx_word' id='word_1_86' title='bbox 1350 1766 1547 1834; x_wconf 71' lang='lat' dir='ltr'><strong>facile</strong></span> <span class='ocrx_word' id='word_1_87' title='bbox 1593 1773 1711 1851; x_wconf 90' lang='lat' dir='ltr'><strong>est,</strong></span> <span class='ocrx_word' id='word_1_88' title='bbox 1757 1769 1888 1852; x_wconf 93' lang='lat' dir='ltr'><strong>ubi,</strong></span> <span class='ocrx_word' id='word_1_89' title='bbox 1935 1771 2106 1850; x_wconf 91' lang='lat' dir='ltr'><strong>quod</strong></span> <span class='ocrx_word' id='word_1_90' title='bbox 2151 1775 2336 1837; x_wconf 87' lang='lat' dir='ltr'><strong>vetet</strong></span> <span class='ocrx_word' id='word_1_91' title='bbox 2383 1787 2540 1852; x_wconf 91' lang='lat' dir='ltr'><strong>esse,</strong></span> <span class='ocrx_word' id='word_1_92' title='bbox 2587 1777 2904 1836; x_wconf 88' lang='lat' dir='ltr'><strong>remotum</strong></span> <span class='ocrx_word' id='word_1_93' title='bbox 2951 1777 3068 1854; x_wconf 84' lang='lat' dir='ltr'><strong>est,</strong></span> 
     </span>
     <span class='ocr_line' id='line_1_14' title="bbox 953 1872 2526 1956; baseline 0.003 -19"><span class='ocrx_word' id='word_1_94' title='bbox 953 1873 1047 1938; x_wconf 89' lang='lat' dir='ltr'><strong>Et</strong></span> <span class='ocrx_word' id='word_1_95' title='bbox 1090 1873 1255 1938; x_wconf 87' lang='lat' dir='ltr'><strong>nihil</strong></span> <span class='ocrx_word' id='word_1_96' title='bbox 1302 1872 1513 1940; x_wconf 85' lang='lat' dir='ltr'><strong>officio</strong></span> <span class='ocrx_word' id='word_1_97' title='bbox 1559 1879 1769 1955; x_wconf 88' lang='lat' dir='ltr'><strong>nupta</strong></span> <span class='ocrx_word' id='word_1_98' title='bbox 1813 1877 1984 1956; x_wconf 88' lang='lat' dir='ltr'><strong>quod</strong></span> <span class='ocrx_word' id='word_1_99' title='bbox 2037 1877 2256 1942; x_wconf 78' lang='lat' dir='ltr'><strong>obstet</strong></span> <span class='ocrx_word' id='word_1_100' title='bbox 2301 1877 2526 1942; x_wconf 89' lang='lat' dir='ltr'><strong>habet:</strong></span> 
     </span>
     <span class='ocr_line' id='line_1_15' title="bbox 862 1979 2552 2064; baseline 0.002 -19"><span class='ocrx_word' id='word_1_101' title='bbox 862 1979 1020 2045; x_wconf 90' lang='lat' dir='ltr'><strong>Cum</strong></span> <span class='ocrx_word' id='word_1_102' title='bbox 1066 1981 1223 2045; x_wconf 88' lang='lat' dir='ltr'><strong>deus</strong></span> <span class='ocrx_word' id='word_1_103' title='bbox 1268 1981 1573 2063; x_wconf 84' lang='lat' dir='ltr'><strong>intonuit,</strong></span> <span class='ocrx_word' id='word_1_104' title='bbox 1620 1999 1750 2047; x_wconf 90' lang='lat' dir='ltr'><strong>non</strong></span> <span class='ocrx_word' id='word_1_105' title='bbox 1796 2000 1868 2046; x_wconf 86' lang='lat' dir='ltr'><strong>se</strong></span> <span class='ocrx_word' id='word_1_106' title='bbox 1914 1983 2272 2049; x_wconf 89' lang='lat' dir='ltr'><strong>subducere</strong></span> <span class='ocrx_word' id='word_1_107' title='bbox 2317 1983 2552 2064; x_wconf 80' lang='lat' dir='ltr'><strong>nimbo,</strong></span> 
     </span>
     <span class='ocr_line' id='line_1_16' title="bbox 948 2085 2408 2170; baseline 0.003 -20"><span class='ocrx_word' id='word_1_108' title='bbox 948 2085 1026 2150; x_wconf 90' lang='lat' dir='ltr'><strong>Id</strong></span> <span class='ocrx_word' id='word_1_109' title='bbox 1072 2087 1325 2151; x_wconf 90' lang='lat' dir='ltr'><strong>demum</strong></span> <span class='ocrx_word' id='word_1_110' title='bbox 1371 2092 1474 2152; x_wconf 92' lang='lat' dir='ltr'><strong>est</strong></span> <span class='ocrx_word' id='word_1_111' title='bbox 1516 2087 1748 2170; x_wconf 83' lang='lat' dir='ltr'><strong>pietas,</strong></span> <span class='ocrx_word' id='word_1_112' title='bbox 1794 2088 1864 2153; x_wconf 92' lang='lat' dir='ltr'><strong>id</strong></span> <span class='ocrx_word' id='word_1_113' title='bbox 1908 2088 2166 2154; x_wconf 89' lang='lat' dir='ltr'><strong>socialis</strong></span> <span class='ocrx_word' id='word_1_114' title='bbox 2213 2107 2408 2154; x_wconf 88' lang='lat' dir='ltr'><strong>amor.</strong></span> 
     </span>
     <span class='ocr_line' id='line_1_17' title="bbox 856 2193 2762 2278; baseline 0.002 -20"><span class='ocrx_word' id='word_1_115' title='bbox 856 2193 1036 2258; x_wconf 87' lang='lat' dir='ltr'><strong>Rara</strong></span> <span class='ocrx_word' id='word_1_116' title='bbox 1081 2193 1339 2273; x_wconf 91' lang='lat' dir='ltr'><strong>quidem</strong></span> <span class='ocrx_word' id='word_1_117' title='bbox 1385 2193 1618 2276; x_wconf 86' lang='lat' dir='ltr'><strong>virtus,</strong></span> <span class='ocrx_word' id='word_1_118' title='bbox 1664 2213 1859 2274; x_wconf 85' lang='lat' dir='ltr'><strong>quam</strong></span> <span class='ocrx_word' id='word_1_119' title='bbox 1905 2213 2033 2261; x_wconf 93' lang='lat' dir='ltr'><strong>non</strong></span> <span class='ocrx_word' id='word_1_120' title='bbox 2078 2195 2378 2262; x_wconf 88' lang='lat' dir='ltr'><strong>Fortuna</strong></span> <span class='ocrx_word' id='word_1_121' title='bbox 2422 2196 2762 2278; x_wconf 85' lang='lat' dir='ltr'><strong>gubernet,</strong></span> 
     </span>
     <span class='ocr_line' id='line_1_18' title="bbox 766 2299 2546 2385; baseline 0.003 -23"><span class='ocrx_word' id='word_1_122' title='bbox 766 2325 823 2361; x_wconf 82' lang='lat'><strong>30</strong></span> <span class='ocrx_word' id='word_1_123' title='bbox 944 2299 1126 2382; x_wconf 80' lang='lat' dir='ltr'><strong>Quae</strong></span> <span class='ocrx_word' id='word_1_124' title='bbox 1172 2304 1436 2364; x_wconf 89' lang='lat' dir='ltr'><strong>maneat</strong></span> <span class='ocrx_word' id='word_1_125' title='bbox 1482 2299 1727 2383; x_wconf 89' lang='lat' dir='ltr'><strong>stabili,</strong></span> <span class='ocrx_word' id='word_1_126' title='bbox 1776 2320 1920 2366; x_wconf 91' lang='lat' dir='ltr'><strong>cum</strong></span> <span class='ocrx_word' id='word_1_127' title='bbox 1965 2299 2140 2383; x_wconf 78' lang='lat' dir='ltr'><strong>fugit</strong></span> <span class='ocrx_word' id='word_1_128' title='bbox 2186 2301 2320 2385; x_wconf 91' lang='lat' dir='ltr'><strong>illa,</strong></span> <span class='ocrx_word' id='word_1_129' title='bbox 2366 2303 2546 2384; x_wconf 90' lang='lat' dir='ltr'><strong>pede.</strong></span> 
     </span>
     <span class='ocr_line' id='line_1_19' title="bbox 856 2403 2754 2492; baseline 0.002 -22"><span class='ocrx_word' id='word_1_130' title='bbox 856 2405 1058 2487; x_wconf 86' lang='lat' dir='ltr'><strong>Siqua</strong></span> <span class='ocrx_word' id='word_1_131' title='bbox 1104 2411 1322 2470; x_wconf 92' lang='lat' dir='ltr'><strong>tamen</strong></span> <span class='ocrx_word' id='word_1_132' title='bbox 1369 2403 1421 2492; x_wconf 89' lang='lat'>†</span> <span class='ocrx_word' id='word_1_133' title='bbox 1467 2407 1750 2486; x_wconf 89' lang='lat' dir='ltr'><strong>pretium</strong></span> <span class='ocrx_word' id='word_1_134' title='bbox 1796 2407 1924 2472; x_wconf 84' lang='lat' dir='ltr'><strong>sibi</strong></span> <span class='ocrx_word' id='word_1_135' title='bbox 1971 2426 2216 2474; x_wconf 88' lang='lat' dir='ltr'><strong>merces</strong></span> <span class='ocrx_word' id='word_1_136' title='bbox 2269 2408 2415 2489; x_wconf 90' lang='lat' dir='ltr'><strong>ipsa</strong></span> <span class='ocrx_word' id='word_1_137' title='bbox 2458 2409 2754 2491; x_wconf 90' lang='lat' dir='ltr'><strong>petitum,</strong></span> 
     </span>
     <span class='ocr_line' id='line_1_20' title="bbox 944 2512 2412 2596; baseline 0.003 -20"><span class='ocrx_word' id='word_1_138' title='bbox 944 2512 1151 2591; x_wconf 91' lang='lat' dir='ltr'><strong>Inque</strong></span> <span class='ocrx_word' id='word_1_139' title='bbox 1196 2530 1425 2592; x_wconf 84' lang='lat' dir='ltr'><strong>pamm</strong></span> <span class='ocrx_word' id='word_1_140' title='bbox 1471 2512 1667 2578; x_wconf 89' lang='lat' dir='ltr'><strong>laetis</strong></span> <span class='ocrx_word' id='word_1_141' title='bbox 1714 2515 1920 2578; x_wconf 87' lang='lat' dir='ltr'><strong>ardua</strong></span> <span class='ocrx_word' id='word_1_142' title='bbox 1967 2515 2161 2580; x_wconf 88' lang='lat' dir='ltr'><strong>rebus</strong></span> <span class='ocrx_word' id='word_1_143' title='bbox 2208 2515 2412 2596; x_wconf 89' lang='lat' dir='ltr'><strong>adest,</strong></span> 
     </span>
     <span class='ocr_line' id='line_1_21' title="bbox 856 2618 2632 2705; baseline 0.002 -21"><span class='ocrx_word' id='word_1_144' title='bbox 856 2618 950 2684; x_wconf 87' lang='lat' dir='ltr'><strong>Ut</strong></span> <span class='ocrx_word' id='word_1_145' title='bbox 998 2623 1251 2698; x_wconf 91' lang='lat' dir='ltr'><strong>tempus</strong></span> <span class='ocrx_word' id='word_1_146' title='bbox 1298 2637 1613 2703; x_wconf 79' lang='lat' dir='ltr'><strong>numereS,</strong></span> <span class='ocrx_word' id='word_1_147' title='bbox 1660 2638 1778 2701; x_wconf 89' lang='lat' dir='ltr'><strong>per</strong></span> <span class='ocrx_word' id='word_1_148' title='bbox 1821 2620 2084 2686; x_wconf 85' lang='lat' dir='ltr'><strong>saecula</strong></span> <span class='ocrx_word' id='word_1_149' title='bbox 2127 2621 2311 2687; x_wconf 88' lang='lat' dir='ltr'><strong>nulla</strong></span> <span class='ocrx_word' id='word_1_150' title='bbox 2355 2626 2632 2705; x_wconf 84' lang='lat' dir='ltr'><strong>tacetur,</strong></span> 
     </span>
     <span class='ocr_line' id='line_1_22' title="bbox 943 2724 2432 2809; baseline 0.003 -20"><span class='ocrx_word' id='word_1_151' title='bbox 943 2724 1037 2789; x_wconf 87' lang='lat' dir='ltr'><strong>Et</strong></span> <span class='ocrx_word' id='word_1_152' title='bbox 1080 2724 1223 2789; x_wconf 92' lang='lat' dir='ltr'><strong>loca</strong></span> <span class='ocrx_word' id='word_1_153' title='bbox 1269 2725 1607 2809; x_wconf 85' lang='lat' dir='ltr'><strong>mirantur,</strong></span> <span class='ocrx_word' id='word_1_154' title='bbox 1656 2745 1784 2807; x_wconf 89' lang='lat' dir='ltr'><strong>qua</strong></span> <span class='ocrx_word' id='word_1_155' title='bbox 1828 2732 2019 2807; x_wconf 86' lang='lat' dir='ltr'><strong>patet</strong></span> <span class='ocrx_word' id='word_1_156' title='bbox 2065 2729 2241 2795; x_wconf 89' lang='lat' dir='ltr'><strong>orbis</strong></span> <span class='ocrx_word' id='word_1_157' title='bbox 2286 2729 2432 2795; x_wconf 91' lang='lat' dir='ltr'><strong>iter.</strong></span> 
     </span>
     <span class='ocr_line' id='line_1_23' title="bbox 764 2830 2371 2914; baseline 0.004 -19"><span class='ocrx_word' id='word_1_158' title='bbox 764 2858 818 2895; x_wconf 83' lang='lat'><strong>35</strong></span> <span class='ocrx_word' id='word_1_159' title='bbox 851 2830 1128 2914; x_wconf 77' lang='lat' dir='ltr'><strong>AspiciS,</strong></span> <span class='ocrx_word' id='word_1_160' title='bbox 1175 2837 1251 2896; x_wconf 89' lang='lat' dir='ltr'><strong>ut</strong></span> <span class='ocrx_word' id='word_1_161' title='bbox 1296 2831 1488 2914; x_wconf 88' lang='lat' dir='ltr'><strong>longo</strong></span> <span class='ocrx_word' id='word_1_162' title='bbox 1537 2838 1765 2897; x_wconf 89' lang='lat' dir='ltr'><strong>teneat</strong></span> <span class='ocrx_word' id='word_1_163' title='bbox 1809 2833 2162 2899; x_wconf 86' lang='lat' dir='ltr'><strong>laudabilis</strong></span> <span class='ocrx_word' id='word_1_164' title='bbox 2207 2854 2371 2903; x_wconf 86' lang='lat' dir='ltr'><strong>aevo</strong></span> 
     </span>
     <span class='ocr_line' id='line_1_24' title="bbox 937 2936 2318 3021; baseline 0.005 -20"><span class='ocrx_word' id='word_1_165' title='bbox 937 2936 1182 3002; x_wconf 90' lang='lat' dir='ltr'><strong>Nomen</strong></span> <span class='ocrx_word' id='word_1_166' title='bbox 1228 2938 1659 3003; x_wconf 83' lang='lat' dir='ltr'><strong>inextinctum</strong></span> <span class='ocrx_word' id='word_1_167' title='bbox 1707 2939 2075 3021; x_wconf 90' lang='lat' dir='ltr'><strong>Penelopea</strong></span> <span class='ocrx_word' id='word_1_168' title='bbox 2118 2941 2318 3008; x_wconf 82' lang='lat' dir='ltr'><strong>fides?</strong></span> 
     </span>
     <span class='ocr_line' id='line_1_25' title="bbox 853 3042 2556 3126; baseline 0.002 -17"><span class='ocrx_word' id='word_1_169' title='bbox 853 3042 1092 3126; x_wconf 83' lang='lat' dir='ltr'><strong>CerniS,</strong></span> <span class='ocrx_word' id='word_1_170' title='bbox 1140 3048 1215 3109; x_wconf 89' lang='lat' dir='ltr'><strong>ut</strong></span> <span class='ocrx_word' id='word_1_171' title='bbox 1260 3045 1523 3110; x_wconf 89' lang='lat' dir='ltr'><strong>Admeti</strong></span> <span class='ocrx_word' id='word_1_172' title='bbox 1572 3051 1878 3110; x_wconf 88' lang='lat' dir='ltr'><strong>cantetur</strong></span> <span class='ocrx_word' id='word_1_173' title='bbox 1926 3052 1995 3112; x_wconf 90' lang='lat' dir='ltr'><strong>et</strong></span> <span class='ocrx_word' id='word_1_174' title='bbox 2039 3048 2346 3114; x_wconf 84' lang='lat' dir='ltr'><strong>Hectoris</strong></span> <span class='ocrx_word' id='word_1_175' title='bbox 2391 3067 2556 3114; x_wconf 85' lang='lat' dir='ltr'><strong>uxor</strong></span> 
     </span>
     <span class='ocr_line' id='line_1_26' title="bbox 940 3150 2387 3237; baseline 0.005 -23"><span class='ocrx_word' id='word_1_176' title='bbox 940 3151 1250 3230; x_wconf 89' lang='lat' dir='ltr'><strong>Ausaque</strong></span> <span class='ocrx_word' id='word_1_177' title='bbox 1296 3150 1386 3215; x_wconf 84' lang='lat' dir='ltr'><strong>in&#39;</strong></span> <span class='ocrx_word' id='word_1_178' title='bbox 1412 3170 1714 3217; x_wconf 89' lang='lat' dir='ltr'><strong>accensos</strong></span> <span class='ocrx_word' id='word_1_179' title='bbox 1757 3152 1984 3233; x_wconf 87' lang='lat' dir='ltr'><strong>Iphias</strong></span> <span class='ocrx_word' id='word_1_180' title='bbox 2030 3154 2128 3220; x_wconf 91' lang='lat' dir='ltr'><strong>ire</strong></span> <span class='ocrx_word' id='word_1_181' title='bbox 2172 3172 2387 3237; x_wconf 84' lang='lat' dir='ltr'><strong>rogos3</strong></span> 
     </span>
     <span class='ocr_line' id='line_1_27' title="bbox 852 3254 2377 3341; baseline 0.003 -19"><span class='ocrx_word' id='word_1_182' title='bbox 852 3256 945 3322; x_wconf 87' lang='lat' dir='ltr'><strong>Ut</strong></span> <span class='ocrx_word' id='word_1_183' title='bbox 990 3256 1179 3322; x_wconf 85' lang='lat' dir='ltr'><strong>vivat</strong></span> <span class='ocrx_word' id='word_1_184' title='bbox 1226 3254 1405 3321; x_wconf 80' lang='lat' dir='ltr'><strong>fama</strong></span> <span class='ocrx_word' id='word_1_185' title='bbox 1451 3257 1730 3323; x_wconf 86' lang='lat' dir='ltr'><strong>coniunx</strong></span> <span class='ocrx_word' id='word_1_186' title='bbox 1774 3259 2148 3341; x_wconf 80' lang='lat' dir='ltr'><strong>Phylaceia,</strong></span> <span class='ocrx_word' id='word_1_187' title='bbox 2196 3261 2377 3327; x_wconf 88' lang='lat' dir='ltr'><strong>cuius</strong></span> 
     </span>
     <span class='ocr_line' id='line_1_28' title="bbox 760 3360 2449 3446; baseline 0.005 -21"><span class='ocrx_word' id='word_1_188' title='bbox 760 3389 817 3426; x_wconf 72' lang='grc' dir='ltr'><em>ω</em></span> <span class='ocrx_word' id='word_1_189' title='bbox 936 3360 1210 3427; x_wconf 91' lang='lat' dir='ltr'><strong>Iliacam</strong></span> <span class='ocrx_word' id='word_1_190' title='bbox 1256 3363 1453 3428; x_wconf 89' lang='lat' dir='ltr'><strong>celeri</strong></span> <span class='ocrx_word' id='word_1_191' title='bbox 1500 3364 1605 3430; x_wconf 88' lang='lat' dir='ltr'><strong>vir</strong></span> <span class='ocrx_word' id='word_1_192' title='bbox 1649 3366 1813 3445; x_wconf 91' lang='lat' dir='ltr'><strong>pede</strong></span> <span class='ocrx_word' id='word_1_193' title='bbox 1858 3366 2099 3446; x_wconf 84' lang='lat' dir='ltr'><strong>pressit</strong></span> <span class='ocrx_word' id='word_1_194' title='bbox 2143 3366 2449 3433; x_wconf 83' lang='lat' dir='ltr'><strong>humum?</strong></span> 
     </span>
     <span class='ocr_line' id='line_1_29' title="bbox 850 3468 2704 3554; baseline 0.003 -22"><span class='ocrx_word' id='word_1_195' title='bbox 850 3468 1066 3534; x_wconf 88' lang='lat' dir='ltr'><strong>Morte</strong></span> <span class='ocrx_word' id='word_1_196' title='bbox 1110 3468 1274 3533; x_wconf 93' lang='lat' dir='ltr'><strong>nihil</strong></span> <span class='ocrx_word' id='word_1_197' title='bbox 1322 3487 1481 3551; x_wconf 90' lang='lat' dir='ltr'><strong>opus</strong></span> <span class='ocrx_word' id='word_1_198' title='bbox 1527 3476 1630 3535; x_wconf 89' lang='lat' dir='ltr'><strong>est</strong></span> <span class='ocrx_word' id='word_1_199' title='bbox 1676 3489 1791 3551; x_wconf 88' lang='lat' dir='ltr'><strong>pro</strong></span> <span class='ocrx_word' id='word_1_200' title='bbox 1838 3490 1957 3554; x_wconf 92' lang='lat' dir='ltr'><strong>me,</strong></span> <span class='ocrx_word' id='word_1_201' title='bbox 2005 3473 2118 3537; x_wconf 88' lang='lat' dir='ltr'><strong>sed</strong></span> <span class='ocrx_word' id='word_1_202' title='bbox 2165 3490 2384 3538; x_wconf 89' lang='lat' dir='ltr'><strong>amore</strong></span> <span class='ocrx_word' id='word_1_203' title='bbox 2427 3473 2704 3552; x_wconf 89' lang='lat' dir='ltr'><strong>fideque:</strong></span> 
     </span>
     <span class='ocr_line' id='line_1_30' title="bbox 938 3574 2401 3657; baseline 0.003 -18"><span class='ocrx_word' id='word_1_204' title='bbox 938 3574 1082 3640; x_wconf 92' lang='lat' dir='ltr'><strong>Non</strong></span> <span class='ocrx_word' id='word_1_205' title='bbox 1130 3593 1211 3640; x_wconf 84' lang='lat' dir='ltr'><strong>ex</strong></span> <span class='ocrx_word' id='word_1_206' title='bbox 1258 3574 1508 3641; x_wconf 89' lang='lat' dir='ltr'><strong>difficili</strong></span> <span class='ocrx_word' id='word_1_207' title='bbox 1555 3576 1734 3642; x_wconf 80' lang='lat' dir='ltr'><strong>fama</strong></span> <span class='ocrx_word' id='word_1_208' title='bbox 1780 3579 2066 3657; x_wconf 89' lang='lat' dir='ltr'><strong>petenda</strong></span> <span class='ocrx_word' id='word_1_209' title='bbox 2112 3578 2236 3643; x_wconf 91' lang='lat' dir='ltr'><strong>tibi</strong></span> <span class='ocrx_word' id='word_1_210' title='bbox 2283 3584 2401 3645; x_wconf 87' lang='lat' dir='ltr'><strong>est.</strong></span> 
     </span>
     <span class='ocr_line' id='line_1_31' title="bbox 849 3680 2614 3767; baseline 0.003 -22"><span class='ocrx_word' id='word_1_211' title='bbox 849 3680 983 3745; x_wconf 93' lang='lat' dir='ltr'><strong>Nec</strong></span> <span class='ocrx_word' id='word_1_212' title='bbox 1027 3686 1097 3746; x_wconf 89' lang='lat' dir='ltr'><strong>te</strong></span> <span class='ocrx_word' id='word_1_213' title='bbox 1144 3682 1513 3766; x_wconf 85' lang='lat' dir='ltr'><strong>credideris,</strong></span> <span class='ocrx_word' id='word_1_214' title='bbox 1561 3683 1715 3763; x_wconf 90' lang='lat' dir='ltr'><strong>quia</strong></span> <span class='ocrx_word' id='word_1_215' title='bbox 1760 3700 1887 3749; x_wconf 92' lang='lat' dir='ltr'><strong>non</strong></span> <span class='ocrx_word' id='word_1_216' title='bbox 1935 3682 2118 3767; x_wconf 77' lang='lat' dir='ltr'><strong>facie,</strong></span> <span class='ocrx_word' id='word_1_217' title='bbox 2165 3685 2298 3751; x_wconf 87' lang='lat' dir='ltr'><strong>ista</strong></span> <span class='ocrx_word' id='word_1_218' title='bbox 2342 3686 2614 3753; x_wconf 80' lang='lat' dir='ltr'><strong>moneri!</strong></span> 
     </span>
    </p>
   </div>
   <div class='ocr_carea' id='block_1_3' title="bbox 578 3931 3152 4149">
    <p class='ocr_par' dir='ltr' id='par_1_3' title="bbox 578 3931 3152 4149">
     <span class='ocr_line' id='line_1_32' title="bbox 688 3931 3152 4009; baseline 0.002 -25"><span class='ocrx_word' id='word_1_219' title='bbox 688 3931 776 3986; x_wconf 80' lang='lat'><strong>17.</strong></span> <span class='ocrx_word' id='word_1_220' title='bbox 850 3931 1158 4002; x_wconf 81' lang='lat' dir='ltr'><strong>Sinn:DaB</strong></span> <span class='ocrx_word' id='word_1_221' title='bbox 1179 3934 1272 3986; x_wconf 89' lang='lat' dir='ltr'><strong>ich</strong></span> <span class='ocrx_word' id='word_1_222' title='bbox 1294 3934 1489 3987; x_wconf 79' lang='lat' dir='ltr'><strong>immet</strong></span> <span class='ocrx_word' id='word_1_223' title='bbox 1530 3936 1585 3986; x_wconf 86' lang='lat' dir='ltr'><strong>in</strong></span> <span class='ocrx_word' id='word_1_224' title='bbox 1606 3936 1824 3989; x_wconf 87' lang='lat' dir='ltr'><strong>meinen</strong></span> <span class='ocrx_word' id='word_1_225' title='bbox 1915 3935 2077 3989; x_wconf 87' lang='lat' dir='ltr'><strong>deine</strong></span> <span class='ocrx_word' id='word_1_226' title='bbox 2126 3936 2422 3991; x_wconf 80' lang='lat' dir='ltr'><strong>liebevolle</strong></span> <span class='ocrx_word' id='word_1_227' title='bbox 2457 3938 2752 4009; x_wconf 63' lang='lat' dir='ltr'><strong>Tutigkeit</strong></span> <span class='ocrx_word' id='word_1_228' title='bbox 2801 3937 2991 3990; x_wconf 80' lang='lat' dir='ltr'><strong>weiter</strong></span> <span class='ocrx_word' id='word_1_229' title='bbox 3038 3944 3152 3991; x_wconf 87' lang='lat' dir='ltr'><strong>ent-</strong></span> 
     </span>
     <span class='ocr_line' id='line_1_33' title="bbox 578 3998 2343 4071; baseline 0.003 -16"><span class='ocrx_word' id='word_1_230' title='bbox 578 3998 894 4055; x_wconf 82' lang='lat' dir='ltr'><strong>Gedichten</strong></span> <span class='ocrx_word' id='word_1_231' title='bbox 969 4001 1235 4071; x_wconf 74' lang='lat' dir='ltr'><strong>niimlich)</strong></span> <span class='ocrx_word' id='word_1_232' title='bbox 1313 4004 1439 4057; x_wconf 84' lang='lat' dir='ltr'><strong>dein</strong></span> <span class='ocrx_word' id='word_1_233' title='bbox 1598 4005 1635 4057; x_wconf 89' lang='lat' dir='ltr'><strong>b</strong></span> <span class='ocrx_word' id='word_1_234' title='bbox 1707 4022 1822 4059; x_wconf 84' lang='lat' dir='ltr'><strong>ver·</strong></span> <span class='ocrx_word' id='word_1_235' title='bbox 1912 4004 2088 4059; x_wconf 76' lang='lat' dir='ltr'><strong>falten</strong></span> <span class='ocrx_word' id='word_1_236' title='bbox 2127 4006 2343 4061; x_wconf 77' lang='lat' dir='ltr'><strong>kannst.</strong></span> 
     </span>
     <span class='ocr_line' id='line_1_34' title="bbox 580 4070 3073 4149; baseline 0.003 -26"><span class='ocrx_word' id='word_1_237' title='bbox 580 4070 782 4124; x_wconf 78' lang='lat' dir='ltr'><strong>kunde.</strong></span> <span class='ocrx_word' id='word_1_238' title='bbox 2017 4076 2108 4131; x_wconf 82' lang='grc'><strong>26.</strong></span> <span class='ocrx_word' id='word_1_239' title='bbox 2183 4076 2382 4147; x_wconf 72' lang='lat' dir='ltr'><strong>officio]</strong></span> <span class='ocrx_word' id='word_1_240' title='bbox 2419 4093 2526 4131; x_wconf 84' lang='lat' dir='ltr'><strong>von</strong></span> <span class='ocrx_word' id='word_1_241' title='bbox 2561 4078 2735 4132; x_wconf 77' lang='lat' dir='ltr'><strong>obstet</strong></span> <span class='ocrx_word' id='word_1_242' title='bbox 2770 4076 3073 4149; x_wconf 74' lang='lat' dir='ltr'><strong>abhiingig.</strong></span> 
     </span>
    </p>
   </div>
   <div class='ocr_carea' id='block_1_4' title="bbox 688 4146 3148 4233">
    <p class='ocr_par' dir='ltr' id='par_1_4' title="bbox 688 4146 3148 4233">
     <span class='ocr_line' id='line_1_35' title="bbox 688 4146 3148 4233; baseline -0.004 -24"><span class='ocrx_word' id='word_1_243' title='bbox 688 4158 775 4214; x_wconf 86' lang='lat'><strong>18.</strong></span> <span class='ocrx_word' id='word_1_244' title='bbox 848 4159 1095 4228; x_wconf 76' lang='lat' dir='ltr'><strong>indiciis]</strong></span> <span class='ocrx_word' id='word_1_245' title='bbox 1130 4158 1695 4233; x_wconf 67' lang='lat' dir='ltr'><strong>Lobeserhebungen‚</strong></span> <span class='ocrx_word' id='word_1_246' title='bbox 2015 4146 2108 4201; x_wconf 79' lang='grc'><strong>27.</strong></span> <span class='ocrx_word' id='word_1_247' title='bbox 2179 4162 2237 4200; x_wconf 76' lang='lat' dir='ltr'><strong>se</strong></span> <span class='ocrx_word' id='word_1_248' title='bbox 2293 4147 2611 4215; x_wconf 77' lang='lat' dir='ltr'><strong>subducere]</strong></span> <span class='ocrx_word' id='word_1_249' title='bbox 2682 4146 2802 4199; x_wconf 79' lang='lat' dir='ltr'><strong>sich</strong></span> <span class='ocrx_word' id='word_1_250' title='bbox 2862 4148 3148 4201; x_wconf 75' lang='lat' dir='ltr'><strong>entziehen</strong></span> 
     </span>
    </p>
   </div>
   <div class='ocr_carea' id='block_1_5' title="bbox 684 4214 2393 4325">
    <p class='ocr_par' dir='ltr' id='par_1_5' title="bbox 684 4214 2393 4325">
     <span class='ocr_line' id='line_1_36' title="bbox 684 4214 2393 4325; baseline -0.006 -16"><span class='ocrx_word' id='word_1_251' title='bbox 684 4255 772 4309; x_wconf 82' lang='lat'><strong>22.</strong></span> <span class='ocrx_word' id='word_1_252' title='bbox 844 4256 1074 4325; x_wconf 76' lang='lat' dir='ltr'><strong>tantum]</strong></span> <span class='ocrx_word' id='word_1_253' title='bbox 1122 4271 1193 4307; x_wconf 81' lang='lat' dir='ltr'><strong>zu</strong></span> <span class='ocrx_word' id='word_1_254' title='bbox 1242 4256 1665 4323; x_wconf 77' lang='lat' dir='ltr'><strong>inreprehensa:</strong></span> <span class='ocrx_word' id='word_1_255' title='bbox 1718 4257 1823 4309; x_wconf 80' lang='lat' dir='ltr'><strong>bis·</strong></span> <span class='ocrx_word' id='word_1_256' title='bbox 1912 4216 2112 4283; x_wconf 64' lang='lat' dir='ltr'><strong>(dumh</strong></span> <span class='ocrx_word' id='word_1_257' title='bbox 2149 4214 2393 4283; x_wconf 48' lang='lat' dir='ltr'>macho·</span> 
     </span>
    </p>
   </div>
   <div class='ocr_carea' id='block_1_6' title="bbox 580 4283 3151 4424">
    <p class='ocr_par' dir='ltr' id='par_1_6' title="bbox 580 4283 3151 4424">
     <span class='ocr_line' id='line_1_37' title="bbox 580 4283 3151 4424; baseline -0.008 -48"><span class='ocrx_word' id='word_1_258' title='bbox 580 4323 681 4377; x_wconf 84' lang='lat' dir='ltr'><strong>her</strong></span> <span class='ocrx_word' id='word_1_259' title='bbox 726 4324 935 4378; x_wconf 85' lang='lat' dir='ltr'><strong>konnte</strong></span> <span class='ocrx_word' id='word_1_260' title='bbox 982 4341 1111 4378; x_wconf 86' lang='lat' dir='ltr'><strong>man</strong></span> <span class='ocrx_word' id='word_1_261' title='bbox 1148 4324 1236 4377; x_wconf 84' lang='lat' dir='ltr'><strong>dir</strong></span> <span class='ocrx_word' id='word_1_262' title='bbox 1284 4343 1387 4378; x_wconf 86' lang='lat' dir='ltr'><strong>nur</strong></span> <span class='ocrx_word' id='word_1_263' title='bbox 1437 4326 1619 4379; x_wconf 82' lang='lat' dir='ltr'><strong>nichts</strong></span> <span class='ocrx_word' id='word_1_264' title='bbox 1655 4324 1823 4381; x_wconf 67' lang='lat' dir='ltr'><strong>Biises</strong></span> <span class='ocrx_word' id='word_1_265' title='bbox 1911 4283 2528 4424; x_wconf 45' lang='grc' dir='ltr'><strong>ἀθῃμέᾈᾶέἑωῶῗὶἰὲἓδ</strong></span> <span class='ocrx_word' id='word_1_266' title='bbox 2593 4285 2780 4339; x_wconf 51' lang='lat' dir='ltr'><strong>bam*</strong></span> <span class='ocrx_word' id='word_1_267' title='bbox 2839 4284 2922 4339; x_wconf 72' lang='lat'><strong>⁹⁴¹⁸</strong></span> <span class='ocrx_word' id='word_1_268' title='bbox 2979 4290 3151 4339; x_wconf 62' lang='lat' dir='ltr'>‘mter</span> 
     </span>
    </p>
   </div>
   <div class='ocr_carea' id='block_1_7' title="bbox 578 4392 3150 4627">
    <p class='ocr_par' dir='ltr' id='par_1_7' title="bbox 578 4392 3150 4627">
     <span class='ocr_line' id='line_1_38' title="bbox 578 4392 3150 4493; baseline 0.009 -49"><span class='ocrx_word' id='word_1_269' title='bbox 578 4392 922 4463; x_wconf 77' lang='lat' dir='ltr'><strong>nachsagen,</strong></span> <span class='ocrx_word' id='word_1_270' title='bbox 964 4393 1107 4477; x_wconf 46' lang='lat' dir='ltr'><strong>,iet-zi:</strong></span> <span class='ocrx_word' id='word_1_271' title='bbox 1153 4393 1282 4447; x_wconf 82' lang='lat' dir='ltr'><strong>hast</strong></span> <span class='ocrx_word' id='word_1_272' title='bbox 1320 4395 1396 4447; x_wconf 89' lang='lat' dir='ltr'><strong>du</strong></span> <span class='ocrx_word' id='word_1_273' title='bbox 1434 4394 1820 4466; x_wconf 82' lang='lat' dir='ltr'><strong>Gelegenheit,</strong></span> <span class='ocrx_word' id='word_1_274' title='bbox 2013 4423 2104 4477; x_wconf 58' lang='lat'><strong>43·</strong></span> <span class='ocrx_word' id='word_1_275' title='bbox 2176 4424 2309 4491; x_wconf 52' lang='lat' dir='ltr'><strong>quia</strong></span> <span class='ocrx_word' id='word_1_276' title='bbox 2353 4440 2464 4477; x_wconf 69' lang='lat' dir='ltr'><strong>mm</strong></span> <span class='ocrx_word' id='word_1_277' title='bbox 2507 4424 2672 4493; x_wconf 57' lang='lat' dir='ltr'><strong><em>facis]</em></strong></span> <span class='ocrx_word' id='word_1_278' title='bbox 2717 4425 2793 4477; x_wconf 73' lang='lat' dir='ltr'><strong>im</strong></span> <span class='ocrx_word' id='word_1_279' title='bbox 2830 4423 3150 4478; x_wconf 63' lang='lat' dir='ltr'><strong>Deutgehen</strong></span> 
     </span>
     <span class='ocr_line' id='line_1_39' title="bbox 578 4462 3150 4561; baseline 0.007 -33"><span class='ocrx_word' id='word_1_280' title='bbox 578 4462 874 4515; x_wconf 69' lang='lat' dir='ltr'><strong>beeonders</strong></span> <span class='ocrx_word' id='word_1_281' title='bbox 908 4479 1200 4533; x_wconf 64' lang='lat' dir='ltr'><strong>gepnoeen</strong></span> <span class='ocrx_word' id='word_1_282' title='bbox 1237 4482 1305 4517; x_wconf 77' lang='lat'><strong>2¹¹</strong></span> <span class='ocrx_word' id='word_1_283' title='bbox 1342 4465 1577 4519; x_wconf 65' lang='lat' dir='ltr'><strong>werden·</strong></span> <span class='ocrx_word' id='word_1_284' title='bbox 1909 4492 2008 4545; x_wconf 71' lang='lat' dir='ltr'><strong>der</strong></span> <span class='ocrx_word' id='word_1_285' title='bbox 2029 4491 2412 4561; x_wconf 82' lang='lat' dir='ltr'><strong>Konjunktiv:</strong></span> <span class='ocrx_word' id='word_1_286' title='bbox 2450 4494 2572 4546; x_wconf 74' lang='lat' dir='ltr'><strong>weil</strong></span> <span class='ocrx_word' id='word_1_287' title='bbox 2609 4493 2686 4546; x_wconf 70' lang='lat' dir='ltr'><strong>du</strong></span> <span class='ocrx_word' id='word_1_288' title='bbox 2721 4511 2778 4548; x_wconf 76' lang='lat' dir='ltr'><strong>es</strong></span> <span class='ocrx_word' id='word_1_289' title='bbox 2814 4501 2957 4549; x_wconf 63' lang='grc' dir='ltr'><strong>ειη</strong></span> <span class='ocrx_word' id='word_1_290' title='bbox 2995 4494 3150 4547; x_wconf 77' lang='lat' dir='ltr'><strong>nieht</strong></span> 
     </span>
     <span class='ocr_line' id='line_1_40' title="bbox 682 4557 3042 4627; baseline 0.003 -17"><span class='ocrx_word' id='word_1_291' title='bbox 682 4557 771 4611; x_wconf 75' lang='lat'><strong>23.</strong></span> <span class='ocrx_word' id='word_1_292' title='bbox 845 4559 999 4627; x_wconf 74' lang='lat' dir='ltr'><strong>area]</strong></span> <span class='ocrx_word' id='word_1_293' title='bbox 1037 4560 1127 4611; x_wconf 88' lang='lat' dir='ltr'><strong>ein</strong></span> <span class='ocrx_word' id='word_1_294' title='bbox 1169 4558 1367 4625; x_wconf 71' lang='lat' dir='ltr'><strong>,Few</strong></span> <span class='ocrx_word' id='word_1_295' title='bbox 1386 4600 1400 4625; x_wconf 93' lang='lat'><strong>,</strong></span> <span class='ocrx_word' id='word_1_296' title='bbox 1450 4560 1553 4614; x_wconf 85' lang='lat' dir='ltr'><strong>auf</strong></span> <span class='ocrx_word' id='word_1_297' title='bbox 1583 4560 1709 4614; x_wconf 87' lang='lat' dir='ltr'><strong>dem</strong></span> <span class='ocrx_word' id='word_1_298' title='bbox 1746 4560 1821 4613; x_wconf 87' lang='lat' dir='ltr'><strong>du</strong></span> <span class='ocrx_word' id='word_1_299' title='bbox 1908 4560 2079 4615; x_wconf 81' lang='lat' dir='ltr'><strong>sehon</strong></span> <span class='ocrx_word' id='word_1_300' title='bbox 2117 4565 2298 4615; x_wconf 73' lang='lat' dir='ltr'><strong>tiitest.</strong></span> <span class='ocrx_word' id='word_1_301' title='bbox 3039 4588 3042 4593; x_wconf 97' lang='lat'>·</span> 
     </span>
    </p>
   </div>
  </div>
 </body>
</html>
