3684 5275
1498 447 1602 503 No.
1626 449 1696 504 39
1732 451 1822 518 (tr.
1858 449 1950 502 111
1973 451 2047 521 7).
2975 453 3059 518 91

674 641 728 685 σε
760 620 926 688 Ossa
970 627 1191 690 tamen
1236 622 1440 690 facito
1485 642 1698 705 parva
1739 623 2119 691 referantur
2161 626 2231 692 in
2277 643 2472 693 urna:

848 726 958 795 Sic
1002 747 1122 812 ego
1166 745 1297 796 non
1341 729 1540 796 etiam
1586 734 1880 797 mortuus
1925 731 2078 798 exul
2123 750 2250 799 ero.

762 833 905 901 Non
948 839 1139 902 vetat
1182 836 1305 902 hoc
1350 835 1713 918 quisquam:
1759 835 2038 903 tratrem
2083 838 2401 905 Thebana
2443 843 2845 921 peremptum

851 940 1204 1023 Supposuit
1248 942 1495 1009 tumulo
1540 960 1699 1026 rege
1742 947 2019 1010 vetante
2063 962 2262 1011 soror.

762 1047 982 1128 Atque
1027 1062 1107 1114 ea
1152 1065 1297 1116 cum
1341 1047 1518 1115 foliis
1563 1054 1634 1115 et
1675 1049 1914 1116 amomi
1955 1051 2228 1132 pulvere
2271 1050 2485 1134 misce,

676 1177 731 1218 το
847 1153 1056 1235 Inque
1099 1154 1474 1221 suburbano
1518 1154 1783 1221 condita
1827 1173 1996 1239 pone
2039 1156 2200 1240 solo;

762 1257 1065 1348 Quosque
1108 1258 1292 1342 legat
1334 1278 1565 1327 versus
1610 1262 1795 1328 oculo
1839 1267 2237 1345 properante
2280 1263 2517 1348 viator,

852 1365 1229 1433 Grandibus
1270 1367 1341 1433 in
1386 1366 1569 1433 tituli
1611 1385 1935 1436 marmore
1979 1371 2180 1436 caede
2224 1369 2424 1436 notis:

762 1491 882 1538 mo
911 1523 927 1538 .
956 1492 1090 1538 neo
1121 1524 1136 1538 .
1168 1493 1285 1548 ατη
1318 1525 1332 1539 .
1362 1493 1561 1540 nono
1593 1526 1608 1539 .
1640 1495 2054 1541 murionum
2084 1527 2100 1542 .
2130 1495 2344 1542 nuson
2374 1527 2390 1542 .
2420 1495 2714 1542 monuit

850 1598 1133 1645 memo
1163 1630 1178 1645 .
1208 1601 1395 1645 mnu
1423 1630 1439 1646 .
1470 1600 1639 1646 zuso
1668 1630 1687 1646 .
1715 1601 1934 1647 nonu
1963 1632 1979 1648 .
2007 1601 2151 1647 imo

676 1705 2976 1763 vsAr.m1.Qm.·rnms1s.nn.s1=r.emm.ou1soms.nm·rr

860 1811 1107 1858 monnu-
1136 1844 1153 1857 .
1182 1812 1458 1858 msoms
1489 1841 1505 1857 .
1534 1813 1883 1859 nomm-mi
1911 1845 1926 1859 .
1958 1812 2111 1860 ossA
2143 1844 2158 1859 .
2189 1813 2468 1859 cunnum.

761 1897 907 1964 Hoc
950 1896 1115 1976 satis
1157 1897 1229 1964 in
1273 1898 1472 1965 titulo
1517 1903 1637 1966 est.
1712 1899 1954 1966 etenim
1997 1898 2250 1966 maiora
2294 1898 2502 1967 libelli

851 2004 946 2070 Et
989 2003 1301 2070 diuturna
1344 2005 1555 2088 magis
1600 2010 1754 2072 sunt
1795 2005 2195 2072 monimenta
2237 2006 2413 2091 mihi,

762 2108 940 2193 Quos
985 2129 1105 2196 ego
1152 2110 1414 2194 confido,
1460 2110 1761 2193 quamvis
1804 2128 2100 2195 nocuere,
2146 2112 2417 2178 daturos

674 2241 730 2282 so
847 2215 1097 2283 Nomen
1142 2221 1211 2283 et
1256 2219 1512 2284 auctori
1554 2223 1854 2300 tempora
1894 2217 2097 2300 longa
2139 2234 2271 2284 suo.

765 2324 865 2389 Tu
910 2328 1132 2390 tamen
1179 2324 1469 2392 extincto
1514 2323 1753 2390 feralia
1795 2341 2070 2389 munera
2110 2342 2367 2408 semper

850 2430 1077 2512 Deque
1123 2431 1256 2496 tuis
1300 2430 1589 2497 lacrimis
1634 2430 1856 2497 umida
1900 2433 2083 2496 serta
2127 2432 2302 2497 dato.

764 2536 1079 2620 Quamvis
1122 2537 1191 2603 in
1237 2537 1487 2603 cineres
1532 2555 1764 2618 corpus
1809 2537 2171 2603 mutaverit
2212 2536 2403 2622 ignis,

855 2644 1113 2712 Sentiet
1158 2644 1436 2710 officium
1482 2649 1738 2710 maesta
1780 2643 2020 2711 favilla
2061 2644 2259 2726 pium.

680 2774 733 2815 ει
764 2748 1029 2817 Scibere
1070 2749 1265 2831 plura
1307 2748 1487 2816 libet.
1563 2750 1681 2815 sed
1722 2766 1856 2817 vox
1899 2749 2059 2813 mihi
2103 2748 2282 2815 fessa
2323 2750 2640 2830 loquendo

855 2855 1169 2922 Dictandi
1210 2855 1385 2921 vires
1429 2854 1731 2934 siccaque
1774 2854 2004 2936 lingua
2048 2857 2269 2937 negat.

769 2960 1013 3044 Accipe
1057 2978 1356 3043 supremo
1403 2961 1647 3026 dictum
1691 2959 1853 3024 mihi
1896 2958 2179 3026 forsitan
2223 2978 2351 3043 ore,

858 3066 1061 3151 Quod,
1106 3066 1235 3132 tibi
1279 3065 1392 3147 qui
1434 3066 1661 3149 mittit,
1706 3083 1834 3131 non
1880 3066 2084 3132 habet
2127 3066 2286 3150 ipse,
2329 3066 2508 3134 vale!

1450 3328 1562 3397 No.
1595 3324 1687 3395 39
1734 3326 1846 3413 (tr.
1891 3326 1998 3393 ΙΠ
2031 3326 2116 3411 7).

792 3484 1372 3567 Unverganglieh
1416 3484 1583 3552 sind
1624 3484 1852 3551 allein
1899 3482 2016 3551 die
2059 3484 2420 3567 geistigen
2463 3481 2782 3553 Schatze.

766 3641 954 3709 Vade
996 3643 1375 3726 salutatum,
1420 3641 1638 3708 subito
1681 3646 2013 3724 perarata,
2056 3639 2387 3725 Perillam,

855 3748 1137 3832 Littera,
1181 3746 1495 3814 sermonis
1538 3746 1670 3812 fida
1713 3746 2016 3812 ministra
2058 3746 2212 3813 mei!

767 3854 908 3921 Aut
950 3852 1134 3919 illam
1177 3852 1473 3921 invenies
1518 3852 1694 3918 dulci
1739 3870 1883 3920 cum
1929 3857 2142 3919 matre
2185 3854 2534 3935 sedentem,

855 3961 996 4028 Aut
1039 3960 1217 4025 inter
1257 3959 1459 4026 libros
1502 3958 1931 4040 Pieridasque
1975 3976 2145 4027 suas·

606 4116 699 4207 6⁸7.
760 4152 1026 4215 Thebana
1037 4146 1209 4222 soror]
1222 4148 1505 4220 Antigone
1520 4150 1591 4202 be
1701 4148 1738 4203 b
1933 4149 2023 4205 78.
2098 4154 2406 4204 tenerorum
2440 4178 2509 4189 -
2547 4110 2806 4217 amm]
2855 4146 2966 4219 vgl.
3001 4165 3071 4203 zu

504 4224 643 4274 trotz
687 4219 904 4275 Kreons
938 4219 1159 4277 Verbot
1205 4218 1296 4274 die
1330 4217 1541 4272 Leiche
1593 4220 1605 4232 ’
1654 4232 1741 4271 res
1824 4217 1930 4272 No.
1958 4219 2005 4285 1,
2040 4220 2087 4273 1.

504 4286 744 4344 Brudera
778 4288 1130 4359 Polyneikee.
1929 4286 2022 4344 81.
2089 4287 2298 4355 foralia
2319 4287 2569 4357 munera]
2593 4285 2939 4355 Totenopfer
2963 4285 3066 4355 (iu-

610 4359 695 4416 70.
764 4359 1096 4429 suburbano]
1148 4374 1247 4411 vor
1299 4355 1399 4411 der
1450 4354 1613 4411 Stadt
1666 4373 1737 4409 an
1824 4357 2042 4425 feriae).
2077 4387 2146 4397 —
2181 4356 2389 4427 umida]
2413 4381 2483 4403 =
2505 4354 2840 4425 madefacta,
2873 4355 2978 4409 mit
2999 4356 3068 4411 da

505 4427 653 4487 einer
703 4427 802 4485 der
844 4427 1231 4489 Landstrassen
1285 4426 1566 4481 befanden
1616 4426 1733 4480 sich
1824 4427 2068 4481 lacrimas
2100 4442 2170 4480 zu
2206 4425 2528 4491 verbinden.

504 4498 776 4553 meint'die
800 4496 1049 4567 Griibe13
1071 4514 1163 4552 am
1185 4495 1587 4553 bekanntesten
1612 4494 1737 4549 sind
1928 4495 2020 4551 88.
2089 4493 2229 4568 vale]
2314 4494 2398 4549 ala
2467 4492 2891 4551 substantivum
2973 4496 3067 4551 be-

500 4565 593 4621 die
629 4566 990 4624 Grabstiitten
1025 4583 1098 4621 an
1134 4567 1234 4622 der
1270 4565 1461 4636 Appia
1494 4567 1602 4619 via.
1660 4598 1663 4601 ·
1822 4563 2070 4619 handelt.
2739 4586 2742 4590 ·
