3684 5275
645 410 730 477 56
1740 422 1933 478 Erster
1974 420 2120 477 Teil.

997 584 1136 652 Fas
1181 584 1286 651 sit.
1376 586 1627 653 habent
1667 585 1816 672 finis
1860 584 2129 652 numina
2170 589 2400 652 nostra
2442 604 2608 653 suos.

909 691 999 758 Di
1043 708 1262 758 sumus
1307 697 1604 775 agrestes
1649 695 1721 759 et
1766 692 1881 774 qui
1924 690 2327 759 dominemur
2366 692 2438 758 in
2483 692 2641 759 altis

997 797 1350 864 Montibus,
1439 797 1786 863 arbitrium
1832 801 1937 864 est
1978 797 2048 863 in
2092 816 2213 864 sua
2254 799 2397 865 tela
2437 798 2599 866 Iovi.

909 903 1104 970 Hunc
1148 908 1224 969 tu
1269 922 1396 969 non
1441 903 1689 986 poteris
1733 921 1853 985 per
1897 908 1969 970 te
2012 904 2331 971 deducere
2376 905 2572 989 caelo,

820 1032 877 1073 ω
997 1009 1092 1076 At
1133 1010 1382 1092 poteris
1425 1014 1651 1077 nostra
1695 1007 1977 1077 forsitan
2020 1028 2176 1076 usus
2220 1011 2375 1092 ope?

909 1114 1194 1183 Dixerat
1237 1116 1402 1183 haec
1445 1116 1732 1183 Faunus
1821 1134 1945 1197 par
1990 1120 2093 1183 est
2136 1116 2469 1183 sententia
2512 1118 2675 1183 Pici.

997 1223 1237 1289 ‘Deme’
1281 1228 1504 1289 tamen
1549 1223 1754 1289 ‘nobis
1798 1223 2099 1307 vincula‚’
2144 1223 2342 1290 Picus
2387 1223 2501 1290 ait.

908 1328 1224 1410 ‘Iuppiter
1268 1330 1398 1395 huc
1441 1329 1681 1411 veniet,
1726 1329 1955 1397 valida
1998 1331 2355 1411 perductus
2399 1331 2485 1397 ab
2533 1336 2695 1397 arte.

1001 1434 1249 1501 Nubila
1291 1434 1592 1516 promissi
1637 1435 1806 1519 Styx
1850 1435 2010 1501 mihi
2054 1436 2247 1502 testis
2292 1436 2454 1503 erit.’

822 1562 878 1605 οι
910 1540 1152 1606 Emissi
1197 1540 1452 1623 laqueis
1497 1542 1656 1624 quid
1699 1546 1923 1625 agant,
1970 1559 2137 1623 quae
2182 1542 2471 1609 carmina
2517 1544 2757 1627 dicant,

1001 1644 1278 1729 Quaque
1322 1648 1600 1714 trahant
1643 1648 1899 1730 superis
1942 1647 2203 1715 sedibus
2250 1656 2396 1715 arte
2440 1649 2679 1733 Iovem,

908 1751 1092 1819 Scire
1137 1752 1328 1819 nefas
1370 1754 1628 1820 homini.
1719 1753 1907 1820 nobis
1952 1771 2257 1820 concessa
2300 1762 2617 1822 canentur

997 1859 1310 1943 Quaeque
1353 1860 1460 1942 pio
1504 1861 1633 1927 dici
1678 1860 1856 1928 vatis
1901 1861 1986 1927 ab
2031 1878 2143 1927 ore
2184 1861 2360 1927 licet.

909 1965 1208 2032 Eliciunt
1250 1966 1432 2033 caelo
1476 1971 1563 2049 te,
1610 1966 1928 2048 Iuppiter,
1973 1968 2145 2033 unde
2188 1966 2467 2033 minores

823 2095 878 2135 το
995 2071 1186 2138 Nunc
1230 2090 1482 2154 quoque
1527 2076 1597 2139 te
1643 2072 1997 2156 celebrant,
2042 2072 2452 2155 Eliciumque
2498 2079 2755 2141 vocant.

911 2177 1188 2245 Constat
1230 2178 1604 2246 Aventinae
1647 2178 1991 2244 tremuisse
2036 2179 2373 2245 cacumina
2416 2180 2643 2262 silvae,

1000 2285 1338 2367 Terraque
1381 2284 1677 2351 subsedit
1719 2285 2005 2367 pondere
2050 2302 2277 2366 pressa
2319 2284 2513 2351 Iovis.

912 2390 1126 2458 Corda
1169 2392 1417 2458 micant
1458 2391 1652 2473 regis,
1698 2394 1968 2472 totoque
2012 2408 2050 2456 e
2096 2408 2363 2471 corpore
2408 2391 2675 2474 sanguis

999 2497 1223 2579 Fugit,
1269 2502 1338 2563 et
1379 2496 1678 2563 hirsutae
1720 2497 2065 2581 deriguere
2108 2513 2346 2563 comae.

825 2628 880 2670 w
909 2603 1005 2671 Ut
1049 2602 1248 2669 rediit
1292 2603 1562 2686 animus,
1609 2604 1712 2670 ‘da
1759 2607 1944 2670 certa
1988 2601 2293 2685 piamina’
2340 2602 2510 2669 dixit

1000 2708 1335 2794 FulminiS,
1381 2711 1661 2778 altorum
1704 2727 1952 2790 rexque
1994 2715 2315 2791 paterque
2369 2711 2575 2794 deum,

913 2815 986 2882 Si
1029 2821 1150 2882 tua
1195 2817 1584 2900 contigimus
1628 2817 1931 2882 manibus
1975 2816 2250 2882 donaria
2295 2817 2493 2899 puris,

999 2923 1144 2989 Hoc
1188 2941 1456 3006 quoque,
1504 2922 1674 3004 quod
1720 2923 1991 3007 petitur,
2036 2923 2095 2988 si
2139 2921 2251 3004 pia
2295 2921 2523 3004 lingua
2566 2922 2795 3005 rogat!

913 3027 1166 3095 Adnuit
1211 3028 1448 3113 oranti,
1493 3030 1608 3094 sed
1654 3046 1881 3095 verum
1926 3029 2205 3112 ambage
2249 3033 2501 3095 remota

823 3161 879 3202 ao
998 3135 1289 3218 Abdidit,
1335 3141 1405 3201 et
1450 3136 1646 3202 dubio
1692 3135 1936 3200 terruit
1981 3153 2093 3201 ore
2139 3135 2369 3202 virum.

911 3240 1142 3307 ‘Caede
1187 3241 1406 3324 caput’
1451 3242 1646 3307 dixit:
1691 3241 1798 3306 cui
1841 3259 1961 3306 rex
2006 3239 2429 3322 ‘parebimus,’
2474 3238 2691 3318 inquit

1002 3346 1346 3413 Caedenda
1389 3353 1492 3414 est
1535 3347 1746 3414 hortis
1791 3351 1985 3412 eruta
2030 3364 2191 3428 cepa
2234 3346 2444 3411 meis:’

914 3453 1190 3519 Addidit
1233 3453 1341 3520 hic
1386 3453 1714 3537 ‘hominis,’
1760 3453 2071 3519 ‘summos'
2120 3453 2218 3517 ait
2262 3451 2376 3517 ille
2420 3449 2741 3531 ‘capillos'

1000 3559 1309 3626 Postulat
1351 3561 1460 3626 hic
1505 3559 1822 3640 animam3
1870 3559 1976 3623 cui
2018 3559 2233 3624 Numa
2276 3555 2507 3639 ‘piscis‘
2553 3557 2669 3622 ait.

825 3691 880 3731 ⁸⁵
909 3659 1104 3749 Risit,
1151 3670 1220 3733 et
1265 3665 1402 3732 ‘his'
1448 3666 1665 3747 inquit
1709 3664 1929 3730 ‘facito
1976 3682 2121 3730 mea
2164 3664 2303 3730 tela
2347 3680 2668 3746 procures,

750 3907 843 3964 56.
915 3909 1168 3978 numina]
1204 3907 1416 3962 Maeht.
2083 3906 2175 3961 73.
2244 3902 2463 3977 micant]
2500 3903 2702 3974 klopft.

749 3977 843 4034 58.
911 3977 1064 4048 Iovi]
1100 3996 1204 4032 nur
1240 3977 1366 4032 dem
1402 3977 1683 4048 Juppiter.
2082 3976 2172 4031 74.
2244 3973 2509 4046 hirsutae}
2547 3974 2895 4044 priidikativ3
2943 3974 3021 4028 im
3057 3974 3217 4028 deut-

752 4046 846 4104 64.
913 4049 1112 4103 nubila
1154 4046 1741 4112 nebelaushauehend3
1777 4063 1814 4096 v
1854 4045 1890 4098 l.
1978 4045 2147 4099 schen
2184 4043 2533 4099 Adverbium
2569 4062 2640 4098 zu
2674 4044 3051 4114 deriguerunt.

646 4122 873 4174 metam.
915 4116 1004 4173 1v
1144 4137 1158 4172 ε
1203 4119 1344 4188 Styx
1389 4117 1618 4172 nebulas
1664 4115 1810 4170 eoeha
2084 4115 2173 4170 77.
2244 4113 2501 4184 donar-ia]
2540 4114 2731 4182 Altar3
2766 4113 3065 4168 wortlieh‘?

647 4187 812 4242 incra
2083 4183 2177 4239 78.
2252 4183 2641 4238 Konstruiere:
2710 4185 2765 4237 ai
2830 4183 2931 4238 hoc
2986 4197 3219 4251 quoque,

749 4257 841 4314 65.
912 4257 1182 4327 earmina]
1194 4251 1887 4326 Beschwiiruugsformeln,
1974 4254 2119 4322 quod
2148 4255 2377 4322 petitur,
2408 4255 2515 4323 pia
2548 4253 2745 4322 linqua
2778 4257 2957 4322 royac.

645 4323 1122 4398 zauberspruche.
2077 4323 2169 4378 83.
2241 4322 2495 4392 hominis]
2531 4339 2600 4376 ca
2638 4329 2717 4374 ut.

748 4396 840 4452 68.
911 4397 1078 4465 υαέίε]
1113 4393 1369 4448 Dichter.
2076 4392 2168 4448 84.
2234 4393 2429 4462 piscis]
2464 4393 2539 4446 ist
2630 4391 2820 4444 enitiv.

748 4466 842 4522 80.
911 4465 1163 4533 minores]
1203 4463 1252 4517 N
1255 4463 1638 4518 aehkommen.
2078 4461 2173 4518 85.
2234 4463 2520 4532 procures]
2562 4461 2757 4514 siihne.

751 4535 844 4593 72.
911 4532 1177 4608 subsedit]
1212 4550 1282 4587 zu
1319 4531 1422 4588 No.
1459 4533 1510 4600 8,
1539 4532 1654 4587 100.
