3684 5275
639 377 724 443 40
1725 388 1918 443 Erster
1960 388 2105 444 Teil.
2228 396 2231 401 '

990 554 1127 619 Nec
1170 571 1378 635 prece,
1423 571 1544 619 nec
1578 552 1819 636 pretio,
1866 570 1987 619 nec
2030 558 2251 619 movet
2296 552 2409 618 ille
2452 553 2661 619 minis.
2776 616 2781 623 .

901 658 1030 724 ‘Nil
1075 659 1241 742 agis!
1333 658 1621 741 eripiam’
1667 658 1836 723 dixit
1882 665 2018 740 ‘per
2062 659 2335 724 crimina
2375 659 2609 726 vitam:

990 764 1224 831 Falsus
1271 765 1578 831 adulterii
1624 764 1816 831 testis
1861 764 2123 830 adulter
2168 781 2305 831 ero:

783 894 864 937 125
894 870 1276 938 Interimam
1321 871 1651 954 famulum,
1697 888 1840 936 cum
1889 887 2013 951 quo
2061 870 2379 951 deprensa
2422 870 2690 938 fereris?

988 976 1344 1043 Succubuit
1387 976 1602 1043 famae
1647 976 1830 1043 victa
1875 974 2095 1057 puella
2138 980 2333 1041 metu.

898 1079 1086 1166 Quid,
1135 1083 1364 1166 victor,
1409 1081 1696 1165 gaudes?
1785 1082 1951 1148 haec
1995 1086 2065 1148 te
2109 1082 2391 1149 victoria
2435 1083 2681 1165 perdet.

987 1189 1135 1254 Heu
1182 1193 1425 1270 quanto
1471 1189 1692 1271 regnis
1736 1206 1866 1253 nox
1910 1188 2104 1254 stetit
2147 1206 2281 1254 una
2322 1188 2493 1255 tuis!-

897 1294 1166 1375 Iamque
1212 1301 1358 1363 erat
1403 1299 1550 1361 orta
1595 1295 1751 1361 dies,
1839 1294 2049 1375 passis
2093 1296 2277 1361 sedet
2321 1294 2441 1361 illa
2484 1295 2757 1381 capillis,

780 1425 862 1465 180
981 1400 1077 1466 Ut
1122 1401 1290 1466 solet
1337 1401 1421 1466 ad
1463 1402 1609 1467 nati
1653 1404 1867 1466 mater
1909 1400 2089 1465 itura
2132 1418 2384 1484 rogum:

897 1504 1489 1587 Grandaevumque
1533 1512 1788 1589 patrem
1831 1506 1960 1572 fido
2006 1526 2150 1573 cum
2196 1507 2467 1589 coniuge
2514 1508 2749 1575 castris

984 1613 1258 1679 Evocat.
1350 1617 1418 1679 et
1463 1613 1680 1695 posita
1723 1613 1911 1679 venit
1955 1618 2231 1694 uterque
2274 1632 2471 1679 mora.

896 1718 1117 1799 thue
1159 1719 1390 1786 vident
1435 1719 1750 1802 habitum,
1795 1737 1965 1800 quae
2009 1717 2227 1785 luctus
2270 1738 2483 1802 causa„
2528 1720 2887 1803 requirunt,

984 1823 1102 1890 Oui
1146 1829 1338 1906 paret
1385 1826 1709 1908 exequias,
1755 1842 1968 1906 quove
2012 1826 2101 1891 sit
2147 1826 2284 1890 icta
2327 1824 2540 1892 malo?

777 1954 857 1995 185
887 1928 1017 1995 Illa
1061 1930 1174 1995 diu
1217 1932 1480 2015 reticet,
1503 2012 1508 2018 .
1514 1932 2019 2013 pudibundaque
2064 1929 2238 1998 celat
2282 1931 2525 1996 amictu

982 2034 1137 2103 Ora:
1184 2037 1394 2103 fluunt
1438 2038 1745 2104 lacrimae
1791 2056 1969 2104 more
2014 2036 2317 2118 perennis
2363 2055 2587 2119 aquae.

892 2140 1066 2209 Hinc
1108 2148 1316 2227 pater,
1360 2144 1514 2210 hinc
1559 2145 1839 2210 coniunx
1883 2144 2187 2209 lacrimas
2232 2142 2542 2227 solantur,
2588 2149 2660 2209 et
2704 2148 2910 2226 orant,

979 2248 1253 2333 Indicet‚
1298 2254 1369 2315 et
1413 2268 1604 2316 caeco
1649 2248 1939 2330 fientque
1982 2254 2357 2331 paventque
2400 2252 2597 2315 metu.

893 2353 1024 2418 Ter
1068 2360 1304 2421 conata
1349 2355 1528 2437 loqui
1571 2358 1678 2420 ter
1721 2354 2008 2420 destitit:
2056 2372 2342 2434 ausaque
2388 2359 2639 2438 quarto,

773 2485 854 2524 140
975 2460 1117 2526 Non
1163 2461 1382 2527 oculos
1427 2462 1572 2527 ideo
1617 2460 1887 2526 sustulit
1929 2458 2047 2525 illa
2090 2478 2257 2526 suos.

890 2566 1050 2632 ‘Hoc
1096 2584 1351 2648 quoque
1396 2566 1753 2648 Tarquinio
1800 2564 2214 2632 debebimus?
2306 2564 2607 2651 eloquar,’
2651 2568 2883 2652 inquit,

979 2672 1290 2754 ‘Eloquar
1331 2672 1566 2740 infelix
1610 2674 1889 2740 dedecus
1930 2675 2077 2755 ipsa
2120 2673 2390 2739 meumP’

887 2779 1198 2862 Quaeque
1240 2785 1478 2864 potest,
1523 2785 1769 2846 narrat.
1860 2780 2204 2846 restabant
2248 2779 2504 2846 ultima:
2560 2780 2763 2864 flevit,

976 2885 1070 2951 Et
1113 2887 1510 2954 matronales
1554 2887 1873 2953 erubuere
1916 2903 2139 2968 genae.

771 3016 852 3058 145
884 2991 1066 3058 Dant
1111 2993 1369 3060 veniam
1414 2992 1591 3058 facto
1637 2992 1900 3074 genitor
1944 2992 2351 3073 coniunxque
2397 2998 2687 3060 coactae:

975 3097 1222 3182 ‘Quam'
1269 3098 1438 3164 dixit
1482 3097 1759 3166 ‘veniam
1803 3116 1922 3165 vos
1968 3099 2160 3183 datis,
2206 3099 2353 3180 ipsa
2394 3099 2599 3182 nego?

886 3205 1022 3270 Nec
1065 3223 1264 3288 mora,
1311 3202 1521 3270 celato
1565 3203 1714 3269 fixit
1757 3223 1879 3270 sua
1921 3210 2189 3286 pectora
2233 3205 2427 3288 ferm,

977 3311 1070 3376 Et
1116 3311 1293 3375 cadit
1337 3311 1407 3375 in
1450 3309 1702 3391 patrios
1747 3311 2255 3392 sanguinulenta
2297 3312 2511 3393 pedes,

888 3417 1072 3482 Tunc
1118 3433 1386 3498 quoque,
1432 3415 1561 3480 iam
1607 3417 1904 3500 moriens,
1949 3435 2033 3483 ne
2076 3435 2205 3484 non
2251 3416 2635 3497 procumbat
2680 3415 2965 3500 honeste,

769 3548 852 3587 ιω
971 3522 1283 3604 Respicit.
1373 3523 1537 3588 haec
1582 3522 1780 3588 etiam
1828 3541 1988 3589 cura
2032 3523 2325 3589 cadentis
2372 3526 2532 3588 erat.

885 3628 1059 3693 Ecce
1103 3646 1297 3709 super
1341 3647 1590 3712 corpus,
1637 3630 2000 3696 communia
2045 3630 2281 3694 damna
2324 3631 2672 3712 gementes,

976 3731 1184 3800 Obliti
1228 3734 1496 3818 decoriS,
1543 3737 1776 3817 virque
1819 3739 2140 3817 paterque
2184 3734 2417 3798 iacent.

885 3839 1130 3905 Brutus
1177 3843 1382 3924 adest,
1429 3844 1819 3922 tandemque
1865 3839 2079 3906 animo
2124 3859 2245 3906 sua
2288 3839 2550 3904 nomina
2590 3839 2785 3923 fallit,

725 4089 851 4144 123.
922 4091 1174 4161 crimina]
1212 4089 1768 4161 Ansehuldigungen.
2056 4089 2177 4144 149.
2256 4089 2388 4212 mg]
2443 4105 2513 4143 zu
2563 4091 2808 4158 honeste,
2862 4090 2961 4144 das
3014 4105 3189 4162 ganne

727 4158 854 4214 128.
926 4166 1133 4226 quanto
1167 4163 1336 4230 stetit]
1372 4159 1593 4215 wieviel
1617 4158 1857 4212 hostete!
1954 4159 2089 4226 ,mit
2123 4157 2334 4212 Aristan
2378 4163 2422 4213 ,⁸

725 4228 848 4285 137.
919 4227 1185 4303 solantur]
1236 4232 1446 4284 trosten
1463 4271 1478 4300 ,
1537 4229 1746 4282 cuchen
1793 4246 1863 4282 zu
2055 4228 2184 4284 153.
2273 4227 2482 4282 Brutus
2546 4229 2704 4282 heisst
2768 4227 3189 4300 ,schwerfflnffi

615 4298 903 4352 trocknen.
1948 4297 2306 4351 unvernunfti
2354 4303 2395 4352 .⁸
2473 4297 2635 4352 Sinn:
2682 4315 2742 4352 er
2775 4299 2901 4352 brin
3000 4299 3188 4352 seinen

629 4410 636 4418 .
723 4367 847 4424 14⁰.
919 4369 1064 4438 idco]
1099 4369 1252 4422 heim
1285 4366 1500 4422 Reden.
1949 4367 2163 4421 Namen
2189 4367 2327 4422 dure
2388 4368 2577 4422 seinen
2600 4367 2763 4421 Gcist
2783 4385 2851 4421 zu
2874 4303 3003 4425 Festi
3050 4367 3106 4422 d.
3130 4367 3189 4424 h.

615 4506 654 4561 S
690 4436 1017 4561 ιι141.111ιο<,·]
1043 4437 1188 4495 eben
1213 4439 1313 4492 das
1347 4435 1688 4492 Gestiindnis
1710 4436 1865 4490 ihrer
1948 4437 2235 4560 ἶιὲίἔῖἱςι,
2282 4439 2391 4492 dess
2440 4453 2500 4491 er
2546 4437 2647 4490 mit
2684 4436 2936 4492 Unreeht
3032 4443 3191 4492 ratus

657 4523 688 4559 c
731 4523 854 4562 mac
898 4548 910 4561 .
2106 4548 2120 4562 ·
