3684 5275
635 400 722 467 28
1733 410 1927 464 Emer
1968 409 2113 464 Ten.

989 574 1084 642 Et
1127 574 1436 657 redigunt
1481 580 1662 641 actos
1705 574 1774 639 in
1817 592 1941 639 sua
1982 592 2142 639 rura
2184 574 2403 639 boves.

813 704 868 746 ω
897 680 994 747 Ut
1037 698 1244 764 genus
1289 681 1656 764 audierunt,
1703 681 1951 745 animos
1995 684 2189 761 pater
2232 677 2450 745 editus
2494 684 2713 761 auget,

987 786 1084 854 Et
1124 788 1330 868 pudet
1372 786 1443 853 111
1487 787 1716 869 paucis
1759 804 1993 853 nomen
2037 786 2283 851 habere
2326 786 2521 850 casis:

897 892 1342 974 Romuleoque
1385 894 1566 959 cadit
1609 892 1930 959 traiectus
1974 892 2276 958 Amulius
2320 909 2491 973 ense,

988 998 1348 1085 Regnaque
1389 1000 1709 1083 longaevo
1755 999 2199 1065 restituuntur
2243 1016 2385 1064 avo.

900 1105 1161 1173 Moenia
1203 1107 1588 1173 conduntur.
1657 1124 1828 1188 quae
1872 1105 2170 1186 quamvis
2214 1122 2425 1185 parva
2468 1102 2753 1185 fuerunt,

813 1239 870 1281 ω
987 1212 1133 1279 Non
1179 1217 1401 1279 tamen
1445 1212 1736 1293 expediit
1780 1211 2227 1277 transsiluisse
2270 1210 2492 1276 Remo,

1536 1523 1650 1592 κο.
1683 1524 1752 1593 ιο
1797 1523 1901 1609 (11
1932 1523 2329 1609 381—422).

841 1699 1291 1780 Aussctzung
1333 1696 1484 1765 und
1525 1696 1929 1779 Errettung
1972 1696 2095 1765 des
2138 1698 2491 1765 Romulus
2536 1695 2684 1764 und
2726 1696 3017 1764 Remus.

1642 1801 1784 1867 Das
1830 1801 2206 1885 Lupercal.
2813 1844 2821 1853 -

899 1975 1210 2043 Forsitan
1258 1980 1327 2042 et
1372 1994 1667 2061 quaeras,
1714 1994 1830 2042 cur
1876 1976 1965 2042 sit
2010 1975 2191 2042 locus
2234 1975 2349 2040 ille
2394 1974 2736 2059 Lupercal,

992 2080 1262 2166 Quaeve
1305 2083 1474 2148 diem
1519 2082 1644 2148 tali
1685 2082 1946 2149 nomine
1992 2100 2189 2147 causa
2231 2086 2433 2147 notet.

905 2187 1114 2255 Silvia
1159 2187 1452 2255 Vestalis
1493 2189 1806 2255 caelestia
1850 2189 2098 2254 semina.
2140 2192 2338 2269 partu

991 2293 1329 2377 Ediderat,
1375 2300 1611 2381 patruo
1655 2312 1865 2377 regna
1908 2298 2177 2359 tenente
2222 2311 2354 2359 suc.

845 2427 872 2467 ο
901 2400 970 2465 Is
1014 2399 1201 2465 iubet
1245 2398 1495 2464 auferri
1538 2417 1778 2480 parvos
1825 2403 1896 2465 et
1938 2400 2009 2465 111
2054 2418 2241 2465 amne
2286 2400 2523 2464 necari.

991 2504 1166 2589 Quid
1210 2504 1378 2570 facis
1392 2503 1425 2570 ἶ)
1495 2523 1576 2571 ex
1622 2506 1770 2571 istis
1813 2506 2126 2571 Romulus
2172 2506 2345 2570 alter
2390 2506 2549 2571 erit!

906 2612 1095 2678 Iussa
1140 2616 1516 2678 recusantes
1561 2617 1889 2696 peragunt
1934 2612 2277 2678 lacrimosa
2320 2612 2621 2696 ministri,

991 2716 1193 2784 Flent
1237 2723 1475 2802 tamen,
1521 2724 1591 2786 et
1635 2718 1927 2802 geminos
1970 2718 2041 2784 111
2086 2719 2233 2784 loca
2274 2719 2455 2784 iussa
2498 2717 2739 2786 ferunt.

903 2824 1167 2908 Albula,
1215 2842 1404 2905 quem
1449 2825 1738 2891 Tiberim
1783 2843 2034 2891 mersus
2079 2825 2429 2890 Tiberinus
2470 2825 2543 2891 in
2588 2825 2778 2890 undis

816 2958 870 2998 ιο
989 2931 1319 3014 Reddidit,
1363 2930 1655 2996 hibernis
1699 2930 1874 2997 forte
1919 2932 2216 2997 tumebat
2262 2932 2467 3013 aquis,

905 3037 1050 3120 Hic,
1094 3037 1210 3104 ubi
1256 3053 1428 3102 nunc
1472 3035 1618 3102 fora
1663 3044 1833 3120 sunt,
1878 3037 2113 3104 lintres
2159 3056 2381 3103 errare
2426 3037 2701 3121 videres,

994 3142 1270 3226 Quaque
1313 3143 1534 3207 iacent
1578 3141 1806 3224 valles,
1850 3143 2138 3210 Maxime
2184 3143 2385 3227 Circe,
2432 3150 2606 3209 tuae.

904 3249 1054 3315 Huc
1098 3249 1211 3314 ubi
1256 3252 1596 3331 venerunt,
1642 3285 1731 3295 —
1776 3266 1986 3328 neque
2033 3250 2203 3314 enim
2249 3251 2600 3330 procedere
2643 3254 2914 3329 possunt

994 3354 1286 3437 Longius
1330 3390 1421 3400 —
1467 3372 1548 3418 ex
1593 3353 1727 3419 illis
1772 3371 1941 3420 unus
1987 3359 2056 3420 et
2102 3355 2275 3419 alter
2319 3355 2446 3419 ait:

817 3487 870 3528 ιο
902 3460 1018 3528 ‘At
1060 3478 1253 3541 quam
1299 3464 1451 3525 sunt
1497 3459 1775 3525 similes!
1848 3465 1920 3524 at
1966 3477 2159 3539 quam
2204 3459 2523 3526 formosus
2566 3463 2871 3541 uterque!

991 3566 1152 3632 Plus
1197 3571 1416 3632 tamen
1465 3584 1546 3631 ex
1589 3565 1725 3631 illis
1771 3566 1900 3630 iste
1945 3566 2192 3647 vigoris
2234 3566 2456 3633 habet.

903 3671 976 3738 Si
1019 3689 1225 3754 genus
1272 3671 1573 3753 arguitur
1617 3670 1822 3754 voltu,
1866 3671 1995 3736 nisi
2040 3671 2218 3738 fallit
2262 3673 2495 3756 imago,

991 3777 1223 3843 Nescio
1271 3795 1460 3857 quem
1505 3777 1690 3844 venis
1735 3777 2026 3858 suspicer
2072 3797 2211 3844 esse
2258 3779 2480 3844 deum)

901 3883 1014 3949 ‘At
1057 3882 1261 3965 siquis
1307 3887 1569 3950 vestrae
1615 3885 1772 3948 deus
1817 3889 1993 3949 esset
2039 3885 2309 3968 originis
2355 3889 2600 3968 auctor,

815 4015 870 4054 20
988 3989 1071 4054 In
1114 3992 1251 4054 tam
1297 3988 1644 4070 praecipiti
1689 3994 1982 4071 tempore
2028 3989 2236 4056 ferret
2282 4008 2496 4070 opem:

662 4231 676 4245 ,
736 4177 830 4234 54.
901 4177 1071 4246 actos]
1108 4176 1200 4231 die
1236 4178 1576 4232 erbeuteten.
2102 4179 2161 4233 3.
2230 4181 2439 4234 sentina
2494 4179 2725 4233 Kindor.

736 4248 828 4302 55.
902 4246 1104 4315 editus]
1135 4247 1395 4300 namhaft
1428 4247 1707 4318 gemacht.
2102 4248 2157 4303 4.
2219 4181 2457 4320 patruo}
2486 4248 2766 4314 Amulius,
2808 4247 2907 4301 der
2942 4247 3050 4302 den
3084 4245 3203 4302 Nu·

734 4317 833 4371 56.
905 4331 1098 4370 nomen
1154 4316 1484 4371 beruhmten
1521 4317 1574 4372 N
1579 4333 1756 4372 amen.
1962 4317 2129 4371 mitor
2164 4334 2289 4372 vom
2328 4317 2553 4373 Thi-one
2586 4318 2849 4388 geatossen
2888 4317 3062 4370 hatte.

773 4385 881 4442 No·
918 4386 1009 4443 10.
1117 4420 1137 4441 .
1208 4383 1300 4459 eit]
1339 4386 1510 4440 heisst.
2067 4387 2157 4443 18.
2228 4391 2402 4458 venis]
2428 4389 2485 4441 in
2512 4388 2672 4441 ihren
2698 4385 2906 4457 Adern,
2941 4388 3001 4440 in
3023 4385 3210 4440 ihi-em

769 4453 826 4510 2.
895 4454 1008 4510 Die
1066 4453 1431 4524 Lupercalien
1499 4455 1724 4510 wurdeu
1784 4472 1875 4510 am
1961 4455 2145 4511 Blute.

633 4523 714 4580 15.
751 4523 1005 4578 Februar
1039 4523 1290 4594 gefeiert.
