3684 5275
1469 464 1575 520 No.
1599 465 1636 518 4
1673 463 1785 533 (111
1809 462 2129 532 449—458).
3003 436 3085 525 1'5

869 642 964 707 Et
1010 640 1282 722 ‘pariter
1327 640 1495 705 caeli
1539 658 1789 707 summa
1834 636 2187 721 petamus!‘
2257 637 2371 703 ait.

692 772 748 812 ιο
780 747 900 815 ‘Tu
943 747 1106 812 mihi
1149 747 1377 812 iuncta
1421 750 1565 812 toro
1611 746 1770 812 mihi
1814 745 2043 811 iuncta.
2088 744 2409 811 vocabula
2455 761 2690 823 sumes;

869 854 1035 919 Nam
1082 852 1210 919 tibi
1253 857 1548 919 mutatae
1593 852 1841 918 Libera
1888 869 2119 918 nomen
2165 850 2309 917 erit.
2370 864 2377 871 ·
2788 834 2795 841 ⁴

782 958 1053 1041 Sintque
1100 964 1257 1025 tuae
1301 963 1516 1025 tecum
1563 959 1802 1026 faciam
1849 957 2247 1024 monimenta
2292 974 2585 1037 coronae,

869 1066 1202 1133 Volcanus
1248 1066 1492 1133 Veneri
1539 1084 1733 1147 quam
1781 1064 1979 1148 dedit,
2023 1064 2142 1129 illa
2186 1062 2347 1129 tibi?

780 1170 982 1239 Dicta
1025 1172 1212 1256 facit,
1257 1191 1672 1255 gemmasque
1716 1188 1950 1239 novem
1994 1168 2428 1235 transformat
2470 1168 2539 1233 in
2585 1169 2797 1252 ignes:

693 1306 748 1345 ω
869 1286 1094 1346 Aurea
1139 1297 1259 1360 per
1303 1278 1532 1345 stellas
1576 1296 1750 1345 nunc
1794 1276 1996 1343 micat
2040 1275 2159 1342 ma
2201 1294 2452 1343 novem.

1391 1585 1504 1654 No.
1535 1586 1588 1654 4
1634 1584 1770 1670 (ΠΙ
1799 1581 2201 1669 449-458).

1253 1759 1396 1826 Das
1439 1756 1979 1844 Wunderpferd
2020 1758 2349 1841 Pegasos.

785 1951 1056 2030 Iamque
1099 1950 1212 2016 ubi
1259 1952 1627 2017 caeruleum
1673 1951 2036 2019 variabunt
2079 1949 2297 2015 sidera
2341 1948 2608 2031 caelum,
3121 1967 3172 2017 7.
3197 1962 3377 2018 Mara.

872 2056 1171 2140 Suspice:
1218 2056 1548 2140 Gorgonei
1592 2057 1762 2124 colla
1807 2056 2063 2123 videbis
2110 2056 2275 2136 equi.

786 2162 1089 2230 Creditur
1133 2164 1242 2230 hic
1287 2182 1480 2230 caesa
1523 2164 1846 2245 gravidae
1891 2162 2147 2229 cervice
2192 2162 2502 2227 Medusae

871 2269 1204 2354 Sanguine
1248 2271 1564 2353 respersis
1607 2268 2019 2352 prosiluisse,
2039 2268 2228 2335 iubis.

725 2402 752 2442 5
783 2377 956 2443 Huic
1001 2396 1202 2459 supra
1245 2378 1450 2444 nubes
1497 2383 1567 2443 et
1611 2377 1841 2443 subter
1886 2375 2105 2442 sidera
2150 2374 2335 2457 lapso

876 2483 1141 2549 Caelum
1187 2503 1306 2566 pro
1352 2490 1552 2567 terra,
1597 2502 1714 2566 pro
1760 2483 1926 2566 pede
1969 2482 2173 2563 pinna
2216 2480 2364 2565 fuit,

783 2588 1052 2672 Iamque
1097 2589 1468 2674 indignanti
1511 2608 1685 2657 nova
1729 2589 1921 2656 frena
1961 2593 2306 2670 receperat
2350 2604 2479 2670 ore,

875 2697 1034 2763 Cum
1079 2697 1247 2763 levis
1291 2698 1536 2764 Aonias
1583 2697 1827 2781 ungula
1869 2695 2042 2762 'fodit
2089 2713 2309 2775 aquas.

788 2803 974 2867 Nunc
1019 2802 1266 2868 fruitur
1311 2804 1512 2888 caelo,
1557 2806 1730 2885 quod
1773 2795 1991 2885 pinnis
2037 2805 2195 2866 ante
2238 2800 2527 2882 petebat,

702 2931 756 2972 ιο
873 2907 968 2973 Et
1011 2909 1258 2974 nitidus
1303 2909 1512 2975 stellis
1560 2910 1843 2990 quinque
1890 2909 2237 2986 decemque
2280 2906 2500 2970 micat.

1427 3207 1539 3276 No.
1573 3205 1618 3274 5
1666 3203 1752 3292 (V
1784 3204 2182 3290 693—720).

590 3375 856 3446 Kastor
899 3379 1048 3447 und
1089 3381 1366 3448 Pollux
1407 3382 1516 3448 uls
1557 3380 1937 3462 zwiuingc
1980 3397 2075 3445 an
2118 3378 2255 3445 den
2299 3377 2624 3445 Himmel
2668 3377 3001 3444 versetzt.

785 3570 880 3636 At
923 3568 1083 3636 mihi
1127 3572 1362 3655 pande,
1404 3589 1654 3655 precor,
1699 3577 1889 3638 tanto
1936 3570 2207 3636 meliora
2251 3569 2522 3652 petenti,

874 3677 954 3741 In
1002 3676 1308 3743 Geminos
1353 3695 1436 3743 ex
1480 3697 1605 3758 quo
1650 3681 1943 3759 tempore
1987 3675 2291 3742 Phoebus
2336 3679 2467 3741 eat.
2744 3667 2747 3670 ’
2954 3763 2957 3766 ⁴
3118 3693 3209 3744 20.
3236 3689 3380 3744 Mai.

787 3782 964 3850 ‘Cum
1009 3783 1280 3850 totidem
1328 3786 1407 3849 de
1451 3803 1670 3850 mense
1715 3784 1854 3851 dies
1899 3799 2236 3864 superesse
2280 3781 2554 3866 videbis,

876 3888 1052 3972 Quot
1097 3895 1252 3956 suut
1293 3890 1604 3956 Herculei
1647 3888 1832 3956 facta
1875 3889 2138 3955 laboris’
2184 3889 2299 3955 ait.

657 4113 750 4170 44.
821 4115 962 4170 caeli
1015 4115 1241 4184 suma]
1312 4115 1402 4170 die
1463 4114 1755 4169 Himmels-
1983 4114 2090 4171 No.
2116 4114 2172 4170 4.
2232 4115 2287 4169 1.
2346 4113 2669 4183 variabunt]
2707 4113 2849 4167 bunt
2882 4112 3085 4168 besssen

519 4181 722 4238 hohen.
1846 4184 2083 4239 werden.

657 4279 748 4336 45,
819 4277 1100 4353 voeabula]
1138 4278 1368 4334 Namen·
1984 4255 2042 4309 ὖ.
2115 4253 2290 4324 lapso]
2327 4252 2448 4306 sich
2487 4268 2678 4334 empore
2712 4252 2991 4322 schwang.

1984 4323 2094 4379 No-
2114 4324 2171 4379 5.
2216 4321 2269 4378 1.
2312 4321 2541 4375 Merkur
2558 4329 2632 4375 ist
2650 4321 2968 4393 angeredeg
2987 4321 3086 4375 der

1847 4393 1974 4447 dem
1998 4391 2233 4446 Dichter
2258 4389 2541 4444 Auskunft
2575 4393 2718 4462 gibt.
2743 4423 2811 4431 —
2838 4391 3109 4460 meliora]-

1850 4462 2095 4516 niimlich
2116 4463 2198 4515 als
2215 4461 2305 4514 ein
2324 4458 2667 4531 Kaufmann,
2693 4461 2791 4516 der
2814 4478 2921 4515 von
2942 4461 3083 4513 Mer·

658 4530 750 4586 48.
819 4531 922 4586 {aa
955 4531 1084 4602 teba]
1132 4531 1379 4586 nfimlich
1435 4531 1516 4586 als
1555 4531 1760 4588 Braut-
1847 4532 1954 4585 kur
1988 4549 2093 4585 nur
2124 4529 2392 4584 Beistand
2424 4531 2519 4583 bei
2554 4531 2741 4584 seinen
2777 4529 3085 4602 betriigeri-

521 4596 814 4667 geschenk.
1846 4601 2014 4655 schen
2050 4599 2531 4671 Manipulationen
2569 4597 2841 4670 verlangt.

657 4365 748 4421 4¹7.
820 4365 1214 4422 Konstruiere:
1239 4366 1444 4434 faciam
1465 4372 1529 4422 ut
1543 4367 1670 4422 sint.
1689 4398 1759 4406 —

524 4436 710 4504 tecum]
743 4437 848 4490 wie
885 4453 956 4490 an
993 4435 1128 4489 dich
1161 4435 1348 4490 selbst.
