3684 5275
663 405 746 471 36
1753 425 1944 481 Erster
1986 422 2133 480 Teil.

1540 666 1653 735 κο.
1687 666 1756 735 15
1803 666 1901 753 (11
1932 669 2333 753 685—852).

655 834 1140 920 Vertreibung
1202 838 1327 907 des
1369 840 1808 921 Tarquinius
1853 838 2237 924 Superbus.
2324 842 2750 927 Eroberung
2807 862 2943 912 von
2988 846 3221 915 Gabii.

655 936 908 1006 Frevel
952 938 1074 1008 des
1118 937 1284 1009 Sex.
1326 944 1767 1025 Tarquinius
1811 962 1904 1010 an
1948 944 2306 1013 Lucretia.
2379 944 2593 1015 sturz
2638 946 2768 1014 der
2810 948 3223 1031 Tyrannen-

1713 1046 2155 1115 herrschaft.

291 1224 648 1295 Reqifuqium
915 1216 1103 1283 Nunc
1147 1218 1307 1285 mihi
1351 1220 1625 1288 dicenda
1669 1227 1773 1288 est
1814 1223 1993 1306 regis
2024 1190 2215 1305 iuga.
2306 1224 2522 1290 traxit
2566 1225 2650 1291 ab
2694 1226 2815 1291 illa

320 1314 416 1365 24·
437 1310 604 1368 Febr.
1006 1324 1243 1391 Sextus
1289 1328 1374 1393 ab
1421 1330 1712 1394 extremo
1756 1329 2020 1394 nomina
2061 1348 2280 1396 mense
2324 1329 2479 1396 dies,

915 1429 1168 1497 Ultima
1211 1432 1607 1513 Tarquinius
1653 1434 1987 1501 Romanae
2032 1436 2250 1519 gentis
2294 1436 2587 1503 habebat

1001 1536 1250 1619 Regna,
1297 1538 1404 1605 vir
1447 1539 1744 1624 iniustus,
1790 1540 1987 1608 fortis
2033 1544 2117 1607 ad
2162 1561 2347 1608 arma
2391 1547 2629 1610 tamen.

855 1669 880 1708 ε,
911 1643 1193 1725 Ceperat
1237 1644 1346 1709 hic
1391 1646 1574 1730 alias,
1621 1646 1788 1713 alias
1833 1652 2171 1714 everterat
2196 1648 2427 1731 -urbeS,

998 1752 1092 1817 Et
1136 1749 1380 1817 Gabios
1425 1752 1605 1833 turpi
1649 1752 1902 1820 fecerat
1947 1758 2095 1821 arte
2139 1772 2306 1821 suos.

907 1855 1202 1937 Namque
1246 1856 1445 1924 trium
1489 1858 1808 1942 minimus,
1852 1860 2065 1942 proles
2110 1859 2464 1927 manifesta
2507 1860 2801 1945 Superbi,

995 1962 1076 2027 In
1120 1963 1363 2030 medios
1408 1965 1628 2031 hostes
1673 1971 1867 2033 nocte
1911 1966 2149 2032 silente
2193 1966 2393 2032 venit.

905 2068 1250 2135 Nudarant
1294 2071 1571 2154 gladios:
1617 2072 1929 2138 ‘occidite’
1974 2072 2146 2138 dixit
2190 2072 2533 2156 ‘inermem,

817 2199 872 2239 ιο
990 2174 1133 2241 Hoc
1179 2176 1446 2258 cupiant
1489 2176 1734 2244 fratres
1778 2178 2300 2259 Tarquiniusque
2346 2184 2552 2262 pater,

904 2280 1032 2365 Qui
1075 2300 1220 2348 mea
1265 2283 1512 2349 crudeli
1556 2283 1880 2351 laceravit
1924 2285 2200 2350 verbere
2245 2286 2472 2367 terga.’
2588 2305 2604 2323 1

989 2386 1226 2453 Dicere
1267 2393 1346 2453 ut
1389 2388 1513 2454 hoc
1555 2393 1791 2471 posset,
1835 2391 2115 2455 verbera
2158 2408 2387 2471 passus
2434 2396 2594 2456 erat.

901 2494 1092 2559 Luna
1135 2493 1290 2559 fuit:
1337 2498 1641 2575 spectant
1683 2494 2003 2578 iuvenem,
2048 2495 2431 2578 gladiosque
2475 2499 2851 2581 recondunt,

988 2601 1350 2684 Tergaque,
1397 2601 1678 2668 deducta
1720 2607 1925 2686 veste,
1971 2606 2203 2670 notata
2248 2602 2499 2671 vident:

813 2734 866 2775 ιε
896 2708 1097 2774 Flent
1141 2726 1410 2792 quoque,
1465 2714 1533 2774 et
1577 2713 1655 2775 ut
1697 2727 1913 2776 secum
1956 2713 2225 2776 tueatur
2269 2710 2461 2792 bella,
2506 2716 2877 2792 precantur.

986 2813 1276 2882 Callidus
1318 2815 1568 2898 ignaris
1612 2816 1846 2882 adnuit
1889 2815 2004 2882 ille
2046 2815 2225 2884 viris

895 2920 1163 3002 Iamque
1206 2926 1454 3004 potens,
1500 2921 1693 2988 misso
1739 2923 2102 3007 genitorem
2150 2923 2441 3004 appellat
2485 2922 2707 3006 amicO,

982 3028 1308 3094 Perdendi
1353 3027 1601 3094 Gabios
1647 3031 1818 3110 quod
1864 3029 1991 3096 sibi
2035 3034 2355 3096 monstret
2398 3029 2545 3095 iter.

893 3134 1144 3200 Hortus
1190 3134 1481 3200 odoratis
1527 3135 1797 3200 suberat
1845 3135 2241 3202 cultissimus
2284 3135 2524 3218 herbiS,

803 3267 857 3306 20
977 3240 1208 3307 Sectus
1253 3241 1514 3306 humum
1559 3241 1703 3307 rivo
1749 3241 1897 3308 lene
1940 3241 2233 3307 sonantis
2281 3259 2506 3321 aquae.

887 3346 1038 3412 Illic
1081 3347 1476 3427 Tarquinius
1520 3347 1832 3413 mandata
1876 3347 2160 3413 latentia
2203 3347 2347 3412 nati

974 3453 1254 3535 Accipit,
1301 3457 1371 3520 et
1413 3453 1608 3536 virga
1651 3453 1794 3520 lilia
1837 3472 2087 3519 summa
2132 3452 2338 3518 metit.

885 3559 1168 3625 Nuntius
1211 3564 1289 3625 ut
1333 3560 1548 3643 rediit,
1595 3559 1991 3639 decussaque
2035 3559 2178 3624 lilia
2224 3559 2409 3640 dixit,

970 3665 1183 3731 Filius
1229 3668 1524 3748 ‘agnosco
1569 3668 1749 3732 iussa
1794 3665 2105 3747 parentis’
2154 3665 2267 3731 ait.

793 3797 848 3835 25
877 3771 1014 3837 Nec
1057 3790 1254 3855 mora,
1300 3771 1700 3853 principibus
1749 3772 1957 3837 caesis
2002 3790 2083 3837 ex
2128 3772 2291 3837 urbe
2338 3769 2613 3854 Gabina,

968 3877 1349 3942 Traduntur
1394 3877 1664 3943 ducibus
1710 3879 1965 3944 moenia
2010 3879 2185 3943 nuda
2230 3876 2382 3943 suis,

749 4049 857 4104 No-
883 4050 974 4104 15.
1045 4048 1153 4102 Mit
1170 4050 1268 4103 der
1287 4048 1565 4102 Erziihlun
1625 4067 1732 4104 von
1751 4050 1851 4104 der
2042 4051 2132 4105 15.
2205 4049 2399 4104 bellum
2430 4054 2577 4103 tum
2645 4049 2753 4102 den
2791 4047 2970 4119 Krieg
3001 4047 3177 4102 wahr-

607 4119 792 4174 Erob
809 4136 977 4173 erun
1075 4136 1205 4173 von
1253 4118 1474 4174 Gabii
1523 4122 1543 4188 (
1603 4160 1616 4174 .
1653 4119 1848 4189 3—26)
1936 4120 2191 4186 nehmen,
2229 4117 2332 4172 auf
2360 4118 2541 4190 Krieg
2620 4116 2825 4172 edacht
2858 4118 2991 4171 sein.

606 4189 718 4260 νει
749 4187 1006 4313 {umgas
1022 4188 1336 4328 πῗέοξὲῖσεύα]
1355 4259 1455 4313 der
1472 4259 1660 4312 wahre
1676 4258 1842 4326 Sohn,
2039 4215 2132 4271 ω’
2201 4214 2438 4285 ‘ynam-⁸]
2473 4215 2582 4268 den
2617 4212 3039 4286 ahnmgeloeen‘

603 4327 810 4382 nfimlic
889 4327 1248 4381 hinsichtlich
1275 4329 1453 4382 seines
1476 4326 1842 4400 Charakters3
1996 4373 2008 4384 .
2040 4301 2128 4357 ¹9·
2211 4301 2451 4372 asperat]
2526 4299 2771 4355 ”amlissh
2830 4315 2921 4353 ΜΠ
2984 4299 3177 4356 Hause

605 4414 666 4450 er
701 4398 831 4451 hiess
869 4396 1080 4453 Sextus,
1932 4387 2111 4426 aemes
2144 4369 2365 4426 Vaters.

741 4467 798 4523 9.
869 4467 936 4520 In
983 4465 1185 4522 Prosa:
1232 4468 1345 4522 iam
1393 4468 1578 4522 hostes
1623 4469 1845 4540 gladios
2035 4468 2126 4523 20.
2196 4472 2373 4521 sectus
2434 4464 2667 4534 humum]
2738 4483 2918 4519 accus.
2988 4483 3173 4537 graec.

601 4537 963 4606 nudaverant,
1003 4554 1127 4590 cum
1163 4537 1358 4592 Sextus
1381 4538 1553 4592 dixit.
1928 4537 2086 4592 wir:
2122 4537 2314 4590 dessen
2340 4531 2609 4588 Erdreich
2634 4536 3003 4598 zerschnitten
3039 4553 3172 4590 war.
