3684 5275
657 400 743 467 38

1749 408 1941 462 Erster
1983 406 2129 462 Teil.

837 600 892 641 σε,
923 574 1096 640 Ecce
1140 591 1342 640 nurus
1386 573 1564 657 regis
1607 572 1770 639 fusis
1814 590 1933 653 per
1978 570 2145 636 colla
2190 570 2444 635 coronis

1013 680 1369 747 Inveniunt
1411 679 1624 761 posito
1669 677 2071 760 pervigilare
2114 693 2306 742 mero.

928 786 1090 853 Inde
1135 786 1268 853 cito
1313 804 1514 868 passu
1556 784 1811 866 petitur
1852 781 2191 849 Lucretia:
2238 782 2459 862 nebat,

1016 893 1193 959 Ante
1237 897 1453 957 torum
1497 889 1748 956 calathi
1791 889 2073 969 lanaque
2118 888 2329 954 mollis
2376 892 2541 955 erat.

930 1000 1180 1066 Lumen
1227 1000 1316 1065 ad
1359 996 1666 1079 exiguum
1709 995 1997 1061 famulae
2042 995 2203 1061 data
2246 1012 2452 1076 pensa
2496 993 2879 1060 trahebant:

841 1131 896 1171 σο
1014 1105 1203 1171 Inter
1247 1121 1409 1185 quas
1453 1102 1638 1169 tenui
1681 1102 1777 1168 sic
1821 1102 1920 1167 ait
1964 1101 2108 1182 ipsa
2152 1118 2332 1167 sono:

931 1212 1277 1292 ‘Mittenda
1322 1213 1424 1275 est
1467 1209 1721 1275 domino
1765 1244 1855 1255 ———
1900 1226 2091 1291 nunc,
2131 1225 2305 1272 nunc
2348 1211 2714 1291 properate,
2759 1206 3041 1289 puellae!
3088 1243 3177 1255 —

1021 1315 1506 1400 Quamprimum
1550 1318 1778 1381 nostra
1821 1312 2008 1379 facta
2051 1313 2317 1379 lacerna
2362 1330 2573 1379 manu.

934 1422 1107 1506 Quid
1151 1428 1374 1487 tamen
1419 1419 1705 1487 auditis?
1772 1437 1925 1485 nam
1968 1418 2161 1500 plura
2206 1418 2435 1484 audire
2480 1407 2782 1501 potestis}

1022 1528 1352 1613 Quantum
1399 1526 1478 1592 de
1521 1527 1694 1593 bello
1739 1526 1984 1593 dicitur
2026 1542 2169 1591 esse
2214 1524 2448 1605 super?

849 1662 902 1703 σο
932 1636 1281 1703 Postmodo
1328 1633 1512 1700 victa
1556 1632 1772 1699 cades!
1849 1631 2240 1715 melioribuS,
2286 1631 2524 1713 Ardea,
2569 1632 2807 1697 restas!

1023 1740 1326 1822 Inproba,
1373 1756 1542 1819 quae
1584 1741 1840 1804 nostros
1887 1737 2065 1821 cog-is
2110 1738 2343 1803 abesse
2388 1737 2583 1831 viros.

937 1848 1085 1914 Sint
1129 1850 1390 1912 tantum
1435 1844 1726 1911 reduces!
1803 1844 1918 1909 sed
1962 1843 2133 1909 enim
2178 1843 2564 1909 temerarius
2610 1842 2723 1909 ille

1025 1953 1151 2019 Est
1195 1969 1391 2034 meus,
1438 1955 1507 2015 et
1551 1950 1784 2017 stricto
1831 1949 2123 2030 quolibet
2168 1968 2323 2015 ense
2368 1950 2519 2015 ruit.

935 2060 1122 2125 Mens
1167 2058 1310 2124 abit
1355 2062 1425 2124 et
1467 2056 1723 2139 morior,
1771 2056 2069 2137 quotiens
2113 2056 2467 2138 pugnantis
2510 2056 2725 2139 imago

849 2189 907 2229 w
1023 2165 1132 2230 Me
1175 2164 1370 2247 subit,
1418 2168 1486 2235 et
1531 2160 1814 2245 gelidum
1859 2166 2127 2243 pectora
2172 2160 2382 2243 frigus
2427 2161 2665 2228 habet!

937 2269 1198 2338 Desinit
1242 2270 1312 2335 in
1356 2270 1678 2352 lacrimas,
1721 2268 2107 2347 intentaque
2149 2266 2263 2333 fila
2306 2267 2605 2349 remittit,

1024 2372 1108 2445 In
1148 2375 1395 2459 gremio
1440 2374 1688 2441 voltum
1733 2373 2160 2455 deposuitque
2200 2390 2403 2439 suum.

938 2483 1083 2549 Hoc
1126 2483 1336 2564 ipsum
1382 2480 1621 2546 decuit:
1669 2479 1982 2545 lacrimae
2026 2480 2299 2545 decuere
2342 2479 2635 2563 pudicae,

1028 2589 1123 2656 Et
1167 2587 1374 2654 facies
1419 2586 1632 2653 animo
1679 2585 2007 2668 dignaque
2050 2603 2299 2668 parque
2344 2584 2493 2652 fuit.

854 2721 906 2764 τε
939 2697 1136 2763 ‘Pone
1180 2700 1441 2778 metum,
1485 2693 1678 2761 venio
1695 2692 1737 2758 1’
1828 2692 2105 2758 coniunx
2152 2693 2267 2758 ait.
2358 2693 2475 2758 illa
2518 2693 2805 2777 revixit,¹

1028 2801 1258 2882 Deque
1301 2799 1432 2874 viri
1477 2799 1640 2866 collo
1688 2798 1873 2865 dulce
1918 2799 2228 2881 pependit
2270 2815 2447 2865 onus.

942 2907 1208 2974 Interea
1252 2907 1508 2974 iuvenis
1552 2905 1831 2972 furiatos
1876 2904 2097 2988 regius
2139 2904 2313 2987 ignis
2418 2917 2423 2920 ·

1031 3013 1348 3098 Concipit,
1393 3019 1462 3080 et
1508 3031 1700 3080 caeco
1745 3016 1974 3094 raptus
2020 3029 2239 3078 amore
2283 3010 2464 3077 furit.

941 3119 1184 3187 Forma
1226 3120 1464 3202 placet,
1507 3119 1867 3198 niveusque
1912 3117 2103 3201 color,
2146 3117 2432 3199 flavique
2477 3117 2715 3199 capilli,

855 3253 910 3294 ao
1030 3226 1284 3310 Quique
1329 3226 1562 3290 aderat
1605 3222 1790 3288 nulla
1833 3222 2053 3288 factus
2097 3223 2182 3288 ab
2228 3229 2376 3289 arte
2420 3225 2639 3288 decor:

944 3332 1166 3400 Verba
1211 3330 1476 3412 placent
1521 3333 1590 3396 et
1634 3345 1782 3411 vox,
1828 3333 1899 3393 et
1942 3329 2113 3409 quod
2158 3345 2565 3408 corrumpere
2610 3346 2739 3394 non
2784 3335 2915 3411 est;

1035 3435 1302 3520 Quoque
1346 3434 1556 3500 minor
1599 3452 1748 3516 spes
1793 3437 1913 3518 est,
1956 3434 2082 3500 hoc
2124 3433 2334 3514 magis
2378 3433 2493 3500 ille
2537 3435 2735 3516 cupit.

944 3543 1088 3609 Iam
1133 3542 1404 3607 dederat
1450 3544 1682 3606 cantus
1726 3538 1895 3605 lucis
1938 3539 2364 3620 praenuntius
2411 3540 2566 3622 alea

1037 3647 1196 3714 Cum
1241 3645 1536 3712 referunt
1579 3646 1850 3712 iuvenes
1894 3644 1964 3710 in
2010 3662 2131 3711 sua
2176 3649 2396 3711 castra
2441 3647 2684 3728 pedem.

859 3781 916 3822 εδ
947 3753 1256 3835 Carpitur
1300 3753 1620 3819 attonitos
1665 3751 1957 3817 absentis
2001 3751 2305 3834 imagine·
2330 3769 2559 3818 sensus

1038 3859 1178 3924 Ille.
1269 3859 1638 3925 recordanti
1681 3858 1876 3940 plura
1918 3857 2255 3940 magisque
2299 3857 2578 3940 placent.

789 4103 883 4158 55.
950 4099 1096 4168 fusis
1129 4129 1200 4140 -
1235 4099 1448 4155 ccv-onie
1518 4098 1573 4153 d.
1607 4098 1664 4153 h.
1701 4097 1792 4152 die
1827 4097 1931 4152 auf
2102 4099 2207 4182 .⁰⁵·
2276 4099 2604 4172 malim-ibus]
2656 4101 2903 4156 nfimlich
2956 4102 3039 4164 als
3086 4101 3250 4157 deine

685 4173 786 4227 das
821 4171 1019 4241 Haupt
1053 4175 1333 4242 gesetzten
1523 4183 1587 4222 ze
1621 4183 1808 4222 waren
1841 4169 1923 4220 in·
2012 4168 2118 4222 Kn
2193 4185 2269 4223 er.

684 4242 838 4314 folge
891 4241 990 4295 des
1047 4239 1274 4294 starken
1333 4237 1580 4293 Zechena
1637 4237 1924 4293 hemnter—
2115 4238 2151 4292 6
2188 4275 2207 4295 .
2276 4241 2446 4310 meno]
2480 4239 2853 4294 Bewusstsein.

686 4309 990 4383 gerutseht.
2116 4309 2205 4364 71.
2274 4311 2501 4364 remittit
2552 4309 2673 4362 lant
2705 4307 2802 4363 los.

791 4382 884 4438 56.
945 4379 1132 4450 posito
1167 4377 1330 4447 mero]
1372 4377 1552 4444 ‚beim
1585 4375 1806 4432 Wein‘.
2120 4379 2212 4433 77.
2281 4311 2519 4448 iuvenis}
2554 4378 2751 4433 Sextus
2787 4378 3146 4450 Tarquinius.

793 4450 885 4507 59.
921 4451 1100 4504 lumen
1123 4448 1202 4502 ad
1301 4449 1312 4460 '
1382 4447 1492 4518 um]
1512 4447 1608 4502 bei
1625 4445 1930 4516 sparfleher
2120 4447 2216 4503 83.
2286 4449 2425 4518 alce]
2460 4447 2660 4520 gallus.

690 4519 1097 4589 Beleuchtung.
1123 4547 1191 4558 —
1215 4521 1268 4573 ἡ·
1377 4515 1526 4590 bant]
1551 4532 1802 4587 apamien
1835 4516 1928 4570 ab.
2119 4517 2211 4572 85.
2281 4515 2547 4590 carpitur]
2586 4518 2839 4572 verzehrt
2871 4518 3007 4573 sich.
