3684 5275
1528 426 1634 483 No.
1658 427 1729 480 45
1764 427 1858 498 (tr.
1893 426 1980 481 IV
2009 428 2078 496 1).
2963 428 3085 494 105

696 629 751 670 -eo
870 602 1129 684 Vixque
1170 602 1275 668 sui
1318 605 1536 668 tutum
1580 601 1835 669 viribus
1879 619 2024 670 esse
2065 602 2217 669 loci!

785 710 1039 792 Aspera
1081 707 1359 774 militiae
1402 708 1660 776 iuvenis
1705 708 2071 775 certamina
2113 707 2276 792 fugi,

872 816 1009 882 Nec
1050 814 1181 882 nisi
1222 815 1450 882 lusura
1494 815 1815 883 movimus
1859 833 2046 881 arma
2087 833 2310 896 manu3

786 921 972 988 Nunc
1015 921 1232 989 senior
1274 921 1622 1004 gladioque
1665 921 1846 987 latus
1889 926 2204 1002 scutoque
2248 922 2602 1004 sinistram,

873 1028 1192 1095 Canitiem
1239 1028 1470 1111 galeae
1514 1027 1890 1109 subicioque
1934 1046 2162 1095 meam.

697 1159 753 1199 τε
781 1134 945 1200 Nam
991 1135 1175 1200 dedit
1219 1153 1259 1200 e
1300 1133 1568 1216 specula
1610 1139 1829 1200 custos
1873 1135 1989 1200 ubi
2031 1134 2224 1218 signa
2265 1135 2605 1212 tumultuS,

868 1240 1207 1307 Induimus
1252 1240 1513 1323 trepida
1556 1241 1858 1321 protinus
1901 1259 2087 1306 arma
2129 1259 2341 1307 manu.

783 1347 1027 1431 HostiS,
1071 1347 1321 1413 habens
1367 1365 1557 1414 arcus
1603 1347 1986 1428 imbutaque
2030 1348 2167 1413 tela
2211 1348 2499 1430 veneniS,

870 1453 1123 1520 Saevus
1168 1454 1508 1520 anhelanti
1551 1453 1807 1520 moenia
1852 1452 2098 1520 lustrat
2143 1471 2333 1536 equo;

782 1559 1003 1639 thue
1048 1578 1257 1640 rapax
1301 1561 1630 1644 pecudem,
1676 1579 1846 1641 quae
1890 1578 1961 1625 se
2004 1577 2135 1626 non
2179 1560 2351 1626 texit
2397 1559 2574 1642 ovili,

694 1690 751 1728 so
870 1666 1003 1732 Per
1044 1671 1211 1750 sata,
1253 1685 1372 1748 per
1417 1667 1622 1733 silvas
1666 1665 1929 1746 fertque
1973 1666 2314 1747 trahitque
2359 1667 2574 1748 lupus:

781 1770 908 1855 Sic,
952 1773 1201 1855 siquem
1245 1774 1527 1840 nondum
1570 1777 1907 1854 portarum
1955 1790 2151 1854 saepe
2195 1777 2528 1854 receptum

872 1879 1208 1945 Barbarus
1252 1881 1323 1945 in
1369 1878 1614 1962 campis
1658 1878 1954 1960 repperit
1998 1879 2225 1961 hostis,
2270 1879 2500 1946 habet:

784 1985 921 2051 Aut
967 1986 1264 2068 sequitur
1310 1989 1542 2067 captus
1588 1985 2011 2066 coniectaque
2057 1985 2323 2052 vincula
2367 1985 2531 2051 collo

874 2092 1153 2175 Accipit,
1199 2097 1317 2158 aut
1360 2093 1494 2159 telo
1539 2092 1723 2158 virus
1765 2093 2054 2159 habente
2097 2092 2288 2174 perit.

694 2219 751 2260 εις
781 2197 907 2264 Hic
954 2217 1075 2281 ego
1121 2198 1446 2265 sollicitae
1486 2199 1664 2266 lateo
1710 2217 1919 2266 novus
1963 2199 2178 2266 incola
2223 2199 2418 2264 sedis:

873 2305 1023 2372 Heu
1066 2305 1335 2372 nimium
1382 2305 1509 2372 fati
1553 2310 1854 2387 tempora
1895 2305 2080 2372 lenta
2124 2304 2278 2372 mei!

782 2410 878 2477 Et
921 2417 1143 2478 tamen
1190 2413 1275 2478 ad
1319 2429 1620 2479 numeros
1665 2413 2070 2495 antiquaque
2115 2431 2304 2478 sacra
2349 2410 2598 2477 reverti

873 2518 1169 2585 Sustinet
1212 2518 1283 2584 in
1328 2517 1538 2585 tantis
1583 2518 1849 2600 hospita
1891 2519 2085 2585 Musa
2127 2519 2342 2585 malis!

784 2624 913 2691 Sed
956 2645 1184 2709 neque,
1232 2625 1337 2692 cui
1382 2625 1668 2708 recitem,
1716 2625 2056 2707 quisquam
2106 2629 2224 2709 est,
2270 2644 2416 2691 mea
2460 2624 2769 2707 carmina,
2814 2642 2934 2690 nec
2979 2625 3090 2704 qui

693 2758 749 2796 so
867 2732 1156 2799 Auribus
1202 2732 1486 2813 accipiat
1532 2733 1739 2799 verba
1783 2732 2033 2797 Latina
2077 2732 2230 2798 suis.

785 2836 937 2919 Ipse
979 2838 1141 2903 mihi
1182 2874 1274 2884 —
1319 2837 1475 2919 quid
1520 2838 1691 2903 enim
1736 2836 2020 2903 faciam?
2065 2874 2155 2884 —
2197 2837 2539 2917 scriboque
2583 2838 2874 2921 legoque,

877 2944 1181 3024 Tutaque
1221 2943 1462 3011 iudicio
1506 2942 1736 3010 littera
1782 2948 2008 3009 nostra
2053 2962 2170 3010 suo
2217 2950 2334 3011 est.

788 3048 996 3131 Saepe
1040 3054 1261 3115 tamen
1308 3049 1446 3115 dixi
1490 3048 1627 3116 ‘Cui
1670 3067 1843 3115 nunc
1889 3052 2052 3115 haec
2097 3070 2256 3117 cura
2299 3050 2602 3118 laborat?

876 3158 981 3222 An
1026 3174 1173 3223 mea
1217 3156 1646 3223 Sauromatae
1691 3156 1942 3238 scripta
1988 3156 2328 3239 Getaeque
2371 3158 2595 3241 legent
2605 3156 2654 3222 ’θ’

698 3289 752 3328 95
783 3262 992 3345 Saepe
1039 3264 1240 3330 etiam
1285 3262 1594 3328 lacrimae
1638 3281 1742 3328 me
1786 3272 1944 3329 sunt
1988 3264 2316 3330 scribente
2362 3263 2681 3346 profusae,

873 3370 1239 3451 Umidaque
1286 3374 1389 3435 est
1430 3369 1592 3435 fletu
1636 3368 1871 3435 littera
1912 3369 2097 3436 facta
2141 3389 2299 3437 meo.

786 3475 1036 3557 Corque
1080 3482 1351 3543 vetusta
1394 3492 1624 3559 meum,
1670 3480 2005 3559 tamquam
2051 3496 2242 3562 nova,
2289 3477 2568 3544 vulnera
2612 3476 2816 3559 novit,

873 3582 1079 3663 Inque
1122 3584 1334 3649 sinum
1380 3588 1672 3648 maestae
1716 3582 1969 3650 labitur
2011 3584 2221 3650 imber
2266 3602 2494 3665 aquae,

785 3689 943 3755 Cum
989 3688 1135 3757 vice
1180 3693 1440 3754 mutata
1484 3689 1598 3769 qui
1642 3690 1765 3755 sim
1811 3688 2192 3774 fuerimque,
2239 3691 2560 3773 recordor,

666 3820 751 3860 100
871 3795 982 3878 Et,
1027 3795 1260 3861 tulerit
1304 3812 1431 3875 quo
1475 3814 1579 3860 me
1624 3812 1813 3861 casus
1861 3801 1932 3861 et
1975 3798 2162 3880 unde,
2207 3796 2404 3863 subit.

785 3902 995 3984 Saepe
1040 3920 1267 3967 manus
1310 3902 1591 3984 demens,
1637 3900 1874 3967 studiis
1918 3902 2096 3969 irata
2139 3903 2412 3986 sibique,

874 4008 1060 4074 Misit
1102 4007 1173 4072 in
1218 4025 1481 4073 arsuros
1526 4006 1816 4073 carmina
1861 4014 2089 4075 nostra
2132 4027 2341 4093 rogoS.

627 4285 718 4338 72.
790 4284 849 4337 Ζ.
874 4284 939 4339 Β.
977 4286 1082 4341 auf
1101 4285 1229 4339 dem
1254 4300 1483 4353 campus
1505 4285 1761 4351 Martius,
1986 4286 2082 4342 87.
2150 4303 2402 4343 numeros
2457 4287 2552 4340 Bh
2619 4288 2803 4350 hmen,
2843 4286 3032 4340 Verne.

522 4353 743 4479 ,8175211
778 4353 1003 4493 χέετ’]ωε
1018 4356 1127 4479 {izi
1162 4424 1421 4493 primum,
1457 4424 1629 4479 ordne
1664 4440 1766 4478 vor
1849 4356 2094 4480 diesffi}
2130 4356 2564 4481 ffinztpie
2604 4363 2691 4410 ter
2707 4355 2819 4409 und
2839 4355 3093 4408 Katika-

522 4491 691 4547 dedit.
1957 4495 2084 4551 loo.
2147 4497 2318 4566 ubit]
2335 4495 2580 4551 nmen
2599 4495 2774 4548 menti
2791 4494 2926 4549 oder
2943 4510 3090 4548 men-

626 4562 716 4617 81.
788 4564 971 4632 saope]
1006 4564 1078 4617 ist
1111 4563 1347 4619 ablativ.
1382 4562 1611 4635 singul..
1596 4564 1610 4599 ⁸
1853 4570 1984 4630 tem,
2021 4564 2165 4619 noch
2201 4582 2306 4621 von
2344 4582 2462 4621 cum
2497 4563 2802 4635 abhlingig.
