3684 5275
703 408 789 473 66
1791 418 1983 473 Erster
2026 418 2172 473 Teil.

881 607 935 645 ιο
1054 584 1148 649 Et
1190 583 1439 651 luteum
1485 585 1661 651 celsa
1704 584 1825 651 snb
1870 582 2065 648 trabe
2106 581 2256 665 figit
2299 600 2483 663 opus:

969 690 1135 756 Tum
1178 690 1438 772 patitur
1479 691 1696 757 cultus
1741 708 1905 773 ager
1948 692 2019 755 et
2062 694 2422 756 renovatur
2467 694 2709 755 aratro.

1056 796 1242 863 Haec
1285 797 1443 862 anni
1485 796 1751 863 novitas
1795 795 1943 861 iure
1986 796 2281 862 vocanda
2324 792 2489 861 fuit?

1600 1020 1714 1090 No.
1747 1021 1838 1090 29
1886 1021 1947 1107 (Ι
1980 1022 2377 1108 709-722).

1541 1175 1777 1248 ΒοΙιόιι
1820 1180 1926 1246 ist
1968 1178 2099 1245 der
2142 1179 2425 1247 Friede-

968 1337 1188 1417 Ipsum
1231 1354 1350 1403 nos
1396 1354 1656 1402 carmen
1701 1335 1975 1402 deduxit
2018 1335 2211 1401 Pacis
2257 1338 2342 1402 ad
2388 1354 2587 1401 aram.

410 1452 500 1504 30.
525 1450 662 1505 Jan.
1055 1442 1242 1511 Haec
1287 1442 1416 1508 erit
1462 1461 1504 1507 a
1547 1442 1784 1509 mensis
1829 1440 1959 1507 fine
2004 1443 2291 1508 secunda
2334 1442 2489 1508 dies.

969 1547 1337 1615 Frondibus
1383 1548 1675 1615 Actiacis
1722 1551 2010 1629 comptos
2053 1548 2359 1615 redimita
2406 1548 2674 1631 capillos

1057 1655 1202 1720 Pax
1246 1656 1418 1737 adeS,
1465 1658 1548 1720 et
1577 1658 1718 1720 toto
1763 1654 1944 1719 mitis
1988 1654 2057 1719 in
2101 1654 2259 1719 orbe
2304 1672 2508 1721 mane.

907 1786 933 1826 ο
963 1760 1135 1826 Dum
1182 1761 1396 1826 desint
1441 1760 1678 1843 hostes,
1725 1759 1899 1826 desit
1942 1778 2195 1841 quoque
2241 1777 2441 1826 cansa
2486 1760 2825 1843 triumphi:

1057 1867 1159 1931 Tu
1203 1867 1473 1933 ducibus
1516 1865 1689 1932 bello
1734 1865 1949 1949 gloria
1994 1866 2200 1932 maior
2244 1864 2390 1931 eris.

970 1972 1126 2039 Sola
1169 1976 1362 2055 gerat
1405 1972 1592 2038 miles
1637 1972 1875 2053 quibus
1920 1990 2104 2037 arma
2149 1975 2476 2054 coerceat,·
2510 1990 2710 2055 arma,

1058 2078 1502 2159 Canteturque
1547 2078 1694 2144 fera
1735 2078 1830 2144 nil
1876 2077 2005 2143 nisi
2048 2095 2282 2158 pompa
2328 2077 2505 2143 tuba.

967 2184 1255 2251 Horreat
1301 2184 1648 2251 Aeneadas
1694 2188 1763 2250 et
1806 2183 2053 2266 primus
2099 2188 2167 2249 et
2212 2180 2481 2250 ultimus
2526 2184 2725 2251 orbis:

880 2317 935 2357 ιο
1053 2290 1256 2372 Siqua
1300 2308 1532 2371 parum
1579 2290 1850 2356 Romam
1896 2293 2079 2355 terra
2122 2289 2416 2372 timebat,
2464 2294 2655 2356 amet.

969 2398 1164 2479 Tura,
1209 2397 1600 2478 sacerdotes
1645 2395 1998 2462 Pacalibus
2044 2395 2267 2462 addite
2312 2393 2605 2479 flammiS,

1057 2502 1358 2583 Albaque
1402 2500 1670 2583 pertusa
1715 2502 1987 2568 victima
2030 2500 2249 2567 fronte
2292 2502 2507 2568 cadat.

968 2610 1190 2691 thue
1236 2610 1473 2693 domus,
1519 2626 1687 2690 quae
1730 2612 2033 2690 praestat
2077 2626 2239 2692 eam,
2285 2626 2427 2675 cum
2473 2626 2635 2691 pace
2679 2616 3012 2694 perennet,

1057 2717 1162 2782 Ad
1207 2715 1318 2797 pia
1362 2731 1714 2798 propensos
1760 2719 1921 2782 vota
1965 2719 2199 2798 rogate
2244 2716 2411 2781 deos

842 2889 930 2944 11.
1001 2889 1196 2958 cultus]
1233 2887 1384 2942 Beer
1355 2889 1632 2959 rbeitung.
2168 2889 2223 2943 7.
2296 2888 2497 2956 quibus
2528 2905 2687 2944 arma
2720 2889 2840 2958 (der
2865 2888 3099 2958 Feinde)
3127 2907 3287 2948 coer-

840 2959 949 3015 No.
971 2957 1064 3016 m.
1122 2959 1178 3014 6.
1239 2957 1489 3028 ducibus]
1525 2957 1615 3011 fiir
1647 2955 1747 3011 das
1772 2955 1891 3011 Her
1863 2974 1940 3010 r-1·
2030 2959 2169 3081 ceatl]
2207 2957 2258 3010 d.
2284 2957 2341 3010 h.
2378 2975 2482 3011 nur
2515 2975 2613 3012 zur
2646 2958 2961 3015 Defemive.

703 3029 832 3083 eche
836 3029 1019 3084 r.haus
2166 3027 2223 3082 3.
2296 3027 2502 3097 domus]
2538 3028 2637 3082 das
2674 3028 2878 3084 Kaiser
2876 3029 3033 3083 haus.
