3684 5275
665 432 752 499 20
1753 442 1947 498 Enter
1988 442 2132 497 Teil.

925 608 1113 675 Iussa
1157 606 1351 691 fugit,
1395 611 1722 689 ventoque
1765 612 1980 673 ratem
2026 606 2377 672 committit
2422 610 2491 672 et
2533 606 2740 673 undis.

1011 714 1324 796 Asperior
1369 714 1600 795 quovis
1645 729 1927 793 aequore
1970 710 2183 777 irater
2228 716 2391 778 erat.

924 822 1050 888 Est
1093 838 1295 903 prope
1337 820 1621 903 piscosos
1665 818 1945 900 lapidosi
1990 818 2325 885 Crathidis
2370 836 2592 885 amnes

834 954 890 997 eo
1009 928 1268 995 Parvus
1312 944 1490 1010 ager,
1535 924 1853 991 Cameren
1895 924 2110 991 incola
2154 926 2355 991 turba
2399 929 2623 992 vocat:

923 1034 1091 1101 Hluc
1134 1050 1360 1100 cursus
1405 1036 1568 1098 erat.
1658 1048 1780 1097 nec
1821 1030 2081 1113 longius
2127 1030 2301 1097 afuit
2344 1031 2513 1115 inde,

1013 1140 1224 1224 Quam
1269 1143 1586 1219 quantum
1628 1136 1859 1203 novies
1902 1138 2167 1204 mittere
2212 1137 2419 1204 funda
2462 1142 2704 1220 potest:

923 1246 1091 1315 Vela
1134 1247 1394 1312 cadunt-
1421 1243 1629 1328 primo
1675 1247 1747 1309 et
1791 1244 1993 1310 dubia
2036 1244 2368 1311 librantur
2414 1245 2499 1310 ab
2546 1262 2725 1311 aura.

1012 1352 1298 1419 ‘Findite
1340 1350 1630 1433 remigio’
1673 1350 1909 1416 navita
1953 1350 2125 1416 dixit
2168 1350 2436 1432 ‘aquasl’

835 1488 889 1530 a
919 1460 1219 1540 Dumque
1260 1461 1504 1540 parant
1546 1460 1724 1523 torto
1769 1457 2129 1523 subducere
2174 1458 2455 1524 carbasa
2496 1456 2651 1542 lino,

1011 1564 1393 1631 Percutitur
1437 1563 1666 1645 rapido
1710 1563 1946 1645 puppis
1990 1565 2247 1629 adunca
2289 1568 2464 1647 noto,

922 1673 1132 1753 Inque
1174 1674 1410 1754 patens
1454 1688 1714 1753 aequor,
1759 1668 2014 1736 frustra
2058 1674 2395 1753 pugnante
2439 1670 2772 1755 magistro,

1011 1778 1274 1860 Fertur,
1319 1780 1389 1842 et
1433 1793 1517 1841 ex
1561 1774 1765 1841 oculis
1809 1776 1957 1843 visa
2001 1775 2251 1859 refugit
2294 1776 2544 1842 humus.

923 1884 1260 1951 Adsiliunt
1302 1882 1555 1967 fluctus,
1599 1881 1859 1963 imoque
1902 1900 1945 1947 a
1990 1882 2256 1965 gurgite
2298 1885 2537 1965 pontus

837 2020 892 2059 το
1011 1990 1333 2072 Vertitur,
1378 1994 1448 2055 et
1491 2006 1692 2054 canas
1737 1988 1969 2054 alveus
2011 1988 2239 2054 haurit
2284 2006 2507 2070 aquas.

921 2097 1227 2163 Iactatur
1269 2094 1554 2161 tumidas
1600 2094 1752 2160 exul
1795 2094 2154 2160 Phoenissa
2197 2112 2317 2178 per
2360 2096 2587 2179 undas,

1009 2202 1377 2283 Umidaque
1422 2200 1722 2283 opposita
1767 2199 2013 2265 lumina
2056 2212 2245 2268 veste
2289 2202 2477 2285 tegit.

923 2311 1110 2376 Tunc
1152 2308 1430 2391 primum
1476 2305 1644 2373 Dido
1691 2304 1855 2371 felix
1900 2309 2003 2371 est
2049 2306 2229 2373 dicta
2273 2307 2480 2374 sorori

1011 2416 1106 2481 Et
1151 2430 1592 2497 quaecumque
1637 2410 1927 2493 aliquam
1972 2429 2242 2493 corpore
2285 2414 2527 2496 pressit
2570 2415 2853 2481 humum.

837 2550 890 2591 u
921 2521 1189 2605 Figitur
1233 2520 1320 2585 ad
1361 2518 1659 2585 Laurens
1703 2517 1960 2599 ingenti
2002 2516 2263 2584 flamine
2308 2519 2469 2587 litus

1011 2626 1278 2712 Puppis,
1322 2629 1392 2693 et
1437 2624 1750 2707 expositis
1794 2624 2091 2692 omnibus
2136 2625 2377 2692 hausta
2421 2627 2611 2709 perit.

924 2737 1067 2802 Iam
1110 2734 1256 2816 pius
1300 2733 1562 2799 Aeneas
1605 2749 1810 2816 regno
1854 2735 2145 2813 nataque
2188 2731 2417 2799 Latini

1009 2841 1263 2907 Auctus
1307 2843 1472 2918 erat,
1515 2838 1786 2922 populos
1827 2837 2310 2922 miscueratque
2358 2841 2531 2906 duos.

923 2946 1150 3014 Litore
1195 2947 1403 3014 dotali
1448 2944 1582 3012 solo
1629 2945 1983 3012 comitatus
2027 2946 2287 3012 Achate

834 3079 890 3120 oo
1009 3053 1344 3121 Secretum
1389 3052 1562 3118 nudo
1607 3052 1759 3118 dum
1805 3053 1971 3132 pede
2016 3052 2234 3134 carpit
2276 3051 2425 3137 iter,

921 3160 1181 3244 Aspicit
1224 3163 1572 3240 errantem,
1615 3175 1738 3224 nec
1783 3159 2051 3224 credere
2094 3159 2377 3225 sustinet
2420 3159 2683 3224 Annam

1011 3265 1193 3333 Esse.
1285 3265 1441 3346 quid
1483 3265 1556 3330 in
1599 3262 1833 3330 Latios
1878 3263 1997 3328 illa
2040 3264 2303 3330 veniret
2348 3263 2585 3346 agros?

923 3373 1092 3439 Dum
1137 3389 1353 3438 secum
1398 3373 1675 3454 Aeneas,
1721 3371 1934 3436 ‘Anna
1978 3375 2081 3434 est
2091 3370 2123 3434 !’
2172 3369 2500 3435 exclamat
2547 3371 2853 3455 Achates,

1010 3479 1118 3544 Ad
1160 3495 1393 3544 nomen
1437 3477 1657 3545 voltus
1703 3475 1975 3542 sustulit
2016 3475 2138 3540 illa
2183 3493 2349 3542 suos.

836 3611 892 3654 ει
922 3586 1062 3670 Quo
1107 3583 1365 3669 fugiat?
1434 3583 1592 3667 quid
1635 3581 1840 3666 agat?
1910 3600 2072 3664 quos
2117 3587 2339 3648 terrae
2385 3588 2662 3664 quaerat
2705 3584 2968 3652 hiatus?

1011 3693 1189 3758 Ante
1233 3691 1451 3757 oculos
1496 3690 1774 3756 miserae
1818 3687 1967 3754 iata
2012 3689 2250 3754 sororis
2297 3694 2504 3756 erant.

924 3797 1161 3881 Sensit,
1207 3801 1277 3863 et
1321 3796 1695 3877 adloquitur
1740 3793 2065 3877 trepidam
2112 3794 2498 3877 Cythereius
2542 3797 2758 3880 heros;

1012 3902 1167 3970 Flet
1210 3907 1433 3969 tamen
1479 3901 1813 3968 admonitu
1857 3905 2087 3984 motus,
2133 3901 2370 3985 Elissa,
2416 3902 2540 3968 tui:

925 4009 1152 4088 ‘Anna,
1196 4027 1315 4090 per
1357 4011 1530 4075 hanc
1573 4008 1732 4091 iuro,
1780 4025 1975 4087 quam
2020 4010 2341 4088 quondam
2387 4009 2615 4077 audire
2659 4009 2915 4077 solebas

836 4143 892 4184 oo
1011 4115 1338 4182 Tellurem
1383 4115 1524 4182 fato
1569 4113 1977 4196 prosperiore
2025 4114 2185 4198 dari,

796 4359 889 4414 68.
961 4357 1169 4413 cadunt
1233 4357 1454 4412 werden
1499 4353 1722 4424 achlaff,
1769 4354 1898 4410 weil
2124 4355 2215 4410 74.
2288 4357 3223 4430 aliquam—humum]=irgendwo

657 4427 756 4482 der
789 4426 966 4482 wind
1003 4427 1170 4498 aufge
1213 4429 1301 4481 iix-t
1332 4427 1452 4481 hat.
1984 4423 2250 4480 bestattet
2283 4425 2437 4498 liegt.
3196 4467 3201 4482 .

796 4499 887 4554 65.
956 4497 1276 4568 subducere]
1345 4495 1741 4552 hiuaufziehen
1802 4497 1897 4565 (an
2124 4495 2213 4551 76.
2286 4496 2489 4550 hausta
2538 4495 2711 4565 per-it]
2763 4495 2897 4554 fliut
2948 4497 3069 4551 sich
3123 4499 3227 4552 mit

657 4565 751 4622 die
787 4565 1026 4635 Rahen).
1115 4589 1122 4594 ·
1985 4561 2217 4618 Wuser
2252 4566 2367 4619 und
2400 4564 2567 4619 sinkt.
