3684 5275
1505 377 1606 433 No.
1631 378 1666 433 8
1700 377 1752 447 <1
1774 376 2091 448 469—586).
2996 381 3079 448 23

777 555 914 622 Nec
957 560 1180 621 tamen
1221 558 1300 620 ut
1341 554 1588 635 primus
1631 570 1853 619 maere
1894 553 2069 619 mala
2112 553 2280 620 talia
2321 571 2581 637 passus:

689 686 746 726 ιο
864 660 1102 727 Obruit
1144 661 1448 744 ingentes
1490 660 1626 725 ista
1668 659 1958 741 procella
2000 659 2195 727 viros

773 768 1016 835 Passus
1056 766 1229 833 idem
1275 770 1393 849 est,
1438 766 1658 849 Tyriis
1703 766 1817 847 qui
1863 767 2183 847 quondam
2227 765 2451 848 pulsus
2495 767 2578 832 ab
2625 767 2761 833 oris

861 874 1138 940 Cadmus
1181 874 1252 938 in
1295 872 1514 938 Aonia
1557 872 1857 939 constitit
1902 872 2055 939 exul
2097 872 2318 938 humo:

770 980 1010 1046 Passus
1050 980 1224 1045 idem
1268 980 1534 1061 Tydeus
1577 983 1646 1045 et
1688 979 1863 1045 idem
1906 978 2241 1061 Pagaseus
2284 978 2496 1062 Iason,

855 1086 950 1152 Et
995 1102 1154 1168 quos
1198 1090 1545 1167 praeterea
1587 1085 1788 1167 longa
1829 1082 2080 1150 referre
2122 1102 2307 1151 mora
2351 1088 2469 1151 est.

678 1218 733 1259 ιε
763 1190 968 1260 Omne
1011 1191 1218 1258 solum
1260 1190 1421 1257 forti
1465 1191 1686 1273 patria
1731 1196 1850 1273 est,
1897 1195 1974 1256 ut
2015 1190 2303 1272 piscibus
2348 1208 2606 1273 aequor,

850 1298 946 1365 Ut
991 1298 1244 1364 volueri
1285 1314 1494 1364 vacuo
1541 1297 1853 1378 quidquid
1894 1297 1966 1362 iu
2012 1298 2169 1363 orbe
2211 1300 2418 1377 patet.

759 1404 896 1471 Nee
938 1404 1086 1470 fera
1125 1409 1484 1485 tempestas
1529 1407 1668 1470 toto
1713 1408 1937 1469 tamen
1980 1403 2207 1469 horret
2249 1403 2321 1468 in
2365 1420 2553 1469 anno.

845 1511 940 1576 Et
983 1510 1112 1576 tibi
1155 1547 1246 1557 —
1290 1511 1482 1575 erede
1526 1509 1710 1575 mihi!
1756 1512 1847 1556 -'-
1890 1514 2189 1591 tempora
2231 1510 2408 1576 veris
2455 1508 2684 1576 erunt.’

757 1616 1044 1684 Vocibus
1087 1616 1400 1683 Evander
1441 1618 1702 1681 firmata
1745 1620 1966 1681 mente
2008 1616 2304 1697 parentis

668 1747 726 1787 ao
843 1722 1032 1791 Nave
1076 1728 1258 1789 secat
1303 1723 1558 1805 fluctus,
1601 1722 2119 1803 Hesperiamque
2162 1726 2365 1788 tenet.

759 1829 1028 1912 Iamque
1072 1834 1284 1896 ratem
1329 1830 1562 1895 doctae
1605 1828 1857 1894 monitu
1902 1827 2267 1894 Carmentis
2311 1828 2380 1893 in
2428 1846 2681 1893 amnem

847 1936 1118 2019 Egerat,
1165 1942 1234 2001 et
1279 1934 1508 2001 Tuscis
1553 1934 1786 2001 obvius
1829 1934 1975 2000 ibat
2020 1934 2223 2015 aquis.

755 2041 1078 2109 Fluminis
1119 2042 1239 2108 illa
1281 2043 1477 2123 latus,
1524 2042 1628 2108 eui
1672 2044 1828 2106 sunt
1873 2040 2047 2107 vada
2090 2040 2317 2105 iuncta
2361 2041 2653 2123 Tarenti,

847 2149 1106 2231 Aspicit
1150 2153 1222 2214 et
1263 2166 1524 2231 sparsas
1570 2165 1690 2229 per
1731 2146 1878 2213 loca
1921 2145 2062 2213 sola
2106 2164 2318 2229 oasas3

669 2280 725 2321 aa
757 2255 976 2337 thue
1021 2262 1184 2337 erat,
1230 2255 1535 2320 immissis
1579 2270 1860 2336 puppem
1904 2254 2096 2319 stetit
2140 2257 2298 2320 ante
2342 2252 2617 2336 capillis,

847 2361 1314 2443 Continuitque
1357 2378 1618 2426 manum
1662 2363 1857 2427 torva
1901 2359 2193 2442 regentis
2234 2360 2384 2425 iter.

759 2468 852 2533 Et
894 2469 1121 2551 procul
1161 2469 1234 2535 in
1279 2469 1577 2534 dextram
1622 2467 1899 2533 tendens
1942 2483 2063 2531 sua
2105 2464 2417 2531 branchia
2456 2466 2669 2548 ripam

844 2574 1055 2641 Pinea
1096 2592 1228 2642 non
1271 2592 1430 2641 sano
1474 2579 1581 2640 ter
1623 2573 1789 2655 pede
1832 2577 2026 2639 texta
2068 2569 2253 2654 ferit3

756 2680 940 2748 Neve
986 2682 1176 2747 daret
1219 2681 1460 2746 saltum
1505 2697 1861 2762 properans
1904 2679 2211 2745 insistere
2252 2683 2492 2760 terrae,

671 2810 729 2850 ιο
847 2787 981 2854 Vix
1024 2793 1127 2853 est
1171 2787 1467 2852 Evandri
1512 2787 1756 2867 vixque
1799 2789 2064 2850 retenta
2107 2802 2319 2850 manu.

761 2891 1012 2974 ‘Di’que
1055 2893 1442 2973 ‘petitorum’
1487 2893 1659 2957 dixit
1703 2891 1977 2958 ‘salvete
2020 2891 2327 2974 locorum,

851 2998 1082 3079 Tuque
1125 3015 1330 3065 novos
1375 2998 1554 3064 eaelo
1599 3002 1785 3063 terra
1827 2997 2067 3062 datura
2110 2997 2281 3078 deoS,

759 3102 1194 3186 Fluminaque
1239 3109 1308 3171 et
1351 3103 1586 3186 fontes,
1631 3103 1867 3186 quibus
1910 3103 2125 3168 utitur
2168 3101 2431 3184 hospita
2474 3101 2689 3187 tellus,

846 3212 941 3278 Et
984 3229 1316 3277 nemorum
1360 3210 1686 3292 nymphae
1727 3209 2163 3290 naiadumque
2207 3209 2410 3275 chori!

670 3341 726 3383 ω
756 3317 922 3384 Este
964 3318 1152 3384 bonis
1195 3317 1432 3383 avibus
1476 3316 1606 3384 visi
1650 3319 1935 3396 natoque
1979 3316 2284 3400 mihique,

698 3493 704 3507 ,
845 3424 1144 3507 Ripaque
1187 3423 1367 3489 felici
1410 3427 1596 3488 taeta
1639 3423 1730 3488 sit
1772 3422 1908 3487 ista
1950 3423 2139 3503 pede!

757 3529 1004 3616 Fallor,
1049 3549 1134 3596 an
1178 3530 1252 3595 hi
1291 3529 1455 3596 fient
1496 3529 1798 3612 ingentia
1837 3528 2097 3594 moenia
2140 3527 2353 3610 eolles,

846 3637 1130 3718 luraque
1174 3637 1260 3702 ab
1302 3636 1430 3701 has
1471 3640 1656 3701 terra
1699 3640 1922 3701 cetera
1964 3639 2149 3700 terra
2192 3631 2420 3716 petet?

756 3742 1092 3810 Montibus
1134 3744 1238 3808 his
1284 3742 1439 3809 olim
1481 3745 1663 3807 totus
1706 3741 2117 3823 promittitur
2160 3741 2355 3806 orbis.

670 3874 726 3916 ω
844 3849 1006 3933 Quis
1050 3853 1309 3914 tantum
1354 3846 1482 3913 fati
1527 3847 1753 3913 credat
1797 3847 2043 3913 habere
2086 3846 2337 3913 locum?

637 4089 725 4147 1⁰.
795 4097 864 4146 ut
915 4092 1128 4160 primus
1168 4092 1394 4160 passus]
1447 4113 1518 4137 ε.-
1571 4089 1734 4161 quasi
1821 4089 1969 4158 (weil
2004 4088 2087 4144 sie
2122 4089 2214 4144 die
2251 4086 2503 4141 Zukunft
2534 4087 2721 4157 nieht).
2738 4117 2809 4128 -
2823 4088 3067 4157 reyentis

495 4175 727 4287 Pmffi.
739 4175 1208 4300 Pffilgtfsseessert
1242 4228 1346 4283 auf
1375 4228 1448 4283 H.
1483 4246 1570 4283 zu.
1817 4160 1945 4229 aa]
1957 4158 2079 4283 ἐξα
2113 4157 2624 4298 {tenffirssfflffiu
2641 4225 2943 4280 Balkwerk
2966 4225 3063 4308 den

519 4323 527 4330 ·
635 4298 726 4356 81.
797 4301 988 4355 dodae
1043 4297 1522 4353 sehieknalskundi
1565 4338 1580 4352 .
1821 4296 2073 4353 Sehiffes.
2124 4327 2191 4337 -
2240 4312 2353 4350 non
2398 4296 2559 4365 sano]
2608 4295 2937 4366 δεδοίκει-ις
2984 4312 3063 4348 im

634 4369 724 4424 83.
794 4369 919 4437 illa]
1009 4368 1062 4423 ie
1109 4367 1335 4422 Mutter.
1372 4399 1440 4408 —
1531 4367 1746 4436 arena]
1821 4367 2147 4422 Deutsehen
2182 4362 2489 4419 adverbiell
2524 4381 2595 4418 zu
2630 4364 2779 4430 ferit.

497 4434 1076 4493 Namenverzeiehnis!
1115 4468 1182 4478 —
1216 4438 1382 4507 vada]
1416 4437 1653 4492 Kanffle.
1962 4437 2056 4493 39.
2124 4435 2326 4490 saltum
2361 4435 2513 4504 dare]
2546 4432 2881 4488 straueheln.

637 4507 726 4563 86.
796 4509 974 4578 torva]
1007 4508 1112 4562 mit
1145 4505 1539 4579 begeistertem
1570 4506 1739 4561 Bliek
