3684 5275
623 456 668 519 4
1732 462 2075 533 Einleitung.

803 653 860 693 aa
888 629 1088 695 Molle
1133 628 1508 712 Cupidineis
1551 644 1673 695 nec
1715 624 2227 709 inexpugnabile
2271 624 2425 691 telis

982 735 1108 801 Gor
1151 734 1328 819 mihi,
1375 734 1673 815 quodque
1715 732 1885 799 levis
1930 750 2131 798 causa
2160 734 2471 814 moveret,
2516 735 2681 797 erat.
2854 792 2859 800 .

895 840 1052 908 Cum
1097 845 1320 907 tamen
1363 841 1472 907 hic
1517 858 1740 922 essem,
1785 838 2178 919 minimoque
2218 839 2613 904 accenderer
2654 836 2815 920 igni,

981 948 1254 1013 Nomine
1299 948 1420 1013 sub
1465 950 1688 1013 nostro
1733 944 1965 1011 fabula
2008 944 2193 1011 nulla
2237 943 2385 1011 fuit.

893 1054 1115 1119 Paene
1159 1054 1321 1119 mibi
1363 1071 1566 1137 puero
1591 1070 1734 1119 nec
1779 1052 1983 1135 digna
2026 1069 2149 1117 nec
2191 1050 2377 1117 utilis
2420 1068 2586 1115 uxor

803 1184 860 1226 w
981 1160 1105 1225 Est
1149 1161 1328 1244 data,
1375 1178 1544 1241 quae
1589 1164 1847 1241 tempus
1893 1174 2011 1241 per
2056 1157 2261 1223 breve
2303 1160 2513 1238 nupta
2556 1156 2705 1223 fuit„

895 1266 1008 1332 mi
1052 1266 1381 1351 successit,
1428 1266 1730 1348 quamvis
1775 1264 1919 1331 sine
1964 1263 2235 1331 crimine
2278 1262 2577 1345 coniunx,

981 1372 1126 1438 Non
1172 1376 1394 1439 tamen
1437 1372 1510 1438 in
1553 1376 1777 1439 nostro
1823 1370 2013 1437 firma
2056 1368 2287 1435 futura
2332 1374 2493 1435 toro.

893 1478 1164 1562 Ultima,
1209 1496 1378 1559 quae
1421 1496 1670 1559 mecum
1716 1496 1897 1545 seros
1939 1476 2303 1560 permansit
2345 1476 2416 1541 in
2460 1494 2683 1558 annos,

983 1585 1314 1652 Sustinuit
1358 1584 1642 1652 coniunx
1687 1584 1897 1651 exulis
1944 1602 2085 1649 esse
2130 1582 2277 1649 viri.

807 1716 862 1758 π
893 1691 1072 1758 Filia
1115 1710 1218 1758 me
1263 1710 1409 1757 mea
1452 1692 1556 1759 bis
1601 1692 1814 1774 prima
1858 1688 2140 1757 fecunda
2181 1689 2475 1771 iuventa,

983 1797 1112 1865 Sed
1155 1816 1284 1864 non
1330 1815 1414 1864 ex
1457 1816 1586 1865 uno
1633 1798 1925 1881 coniuge,
1970 1796 2131 1862 fecit
2176 1814 2389 1861 avum.

897 1903 992 1971 Et
1035 1904 1164 1970 iam
1212 1904 1570 1987 complerat
1613 1904 1877 1987 genitor
1918 1921 2039 1973 sua
2082 1901 2248 1985 fata,
2292 1916 2653 1982 novemque

987 2008 1355 2077 Addiderat
1397 2010 1625 2077 lustris
1669 2012 1886 2077 altera
1930 2010 2143 2076 lustra
2185 2026 2436 2075 novem.

898 2116 1042 2181 Non
1089 2116 1286 2182 aliter
1329 2112 1523 2200 flevi,'
1548 2136 1742 2198 quam
1787 2136 1891 2183 me
1934 2116 2209 2182 fleturus
2254 2116 2625 2198 ademptum

811 2248 868 2289 ao
986 2222 1112 2288 Ele
1156 2221 1305 2289 fuit.
1391 2224 1592 2289 matri
1635 2223 1934 2305 proxima
1979 2223 2157 2289 iusta
2201 2221 2343 2287 tuli.

899 2328 1155 2395 Felices
1201 2329 1389 2395 ambo
1435 2330 1955 2411 tempestiveque
2000 2328 2259 2411 sepulti,

987 2436 1165 2502 Ante
1211 2435 1379 2501 diem
1425 2454 1674 2517 poenae
1719 2436 1891 2517 quod
1935 2436 2189 2519 periere
2234 2435 2447 2501 meae!
2678 2502 2683 2507 ,

897 2542 1008 2607 Me
1053 2559 1308 2622 quoque
1352 2540 1628 2625 felicem,
1675 2545 1847 2623 quod
1889 2560 2019 2607 non
2064 2541 2442 2609 viventibus
2486 2540 2619 2606 illis

987 2648 1142 2715 Sum
1187 2649 1400 2732 miser,
1445 2655 1516 2716 et
1562 2652 1642 2715 de
1686 2669 1790 2716 me
1835 2651 2005 2730 quod
2052 2649 2315 2716 doluere
2358 2648 2554 2714 nihil!

810 2779 866 2821 er,
897 2755 968 2821 Si
1014 2760 1236 2821 tamen
1283 2756 1594 2823 extinctis
1639 2756 1889 2837 aliquid
1933 2756 2063 2822 nisi
2105 2755 2367 2822 nomina
2411 2757 2689 2836 restant,

981 2862 1076 2928 Et
1117 2861 1389 2945 gracilis
1434 2867 1721 2930 structos
1767 2863 2004 2946 effugit
2048 2862 2279 2928 umbra
2322 2879 2544 2942 rogos:

891 2966 1117 3051 Fama,
1162 2970 1558 3053 parentaleS,
1602 2969 1660 3035 si
1706 2988 1824 3037 vos
1870 2987 2016 3036 mea
2062 2967 2358 3050 contigit,
2402 2969 2689 3050 umbrae,

981 3075 1075 3140 Et
1117 3080 1273 3142 sunt
1315 3075 1386 3141 in
1431 3075 1663 3158 Stygio
1709 3076 1985 3142 crimina
2030 3079 2261 3141 nostra
2301 3071 2471 3139 foro:

893 3179 1090 3262 Scite,
1134 3199 1380 3264 precor,
1427 3199 1690 3248 causam
1735 3218 1826 3229 —
1870 3200 1991 3247 nec
2034 3199 2152 3248 vos
2196 3180 2356 3246 mihi
2400 3179 2633 3246 fallere
2680 3178 2783 3244 ias
2828 3183 2929 3244 oet
2974 3215 3063 3250 -.-

806 3313 862 3354 90
981 3287 1290 3353 Errorem
1335 3287 1570 3370 iussae,
1615 3306 1742 3353 non
1789 3289 2018 3371 sceluS,
2064 3305 2207 3354 esse
2251 3285 2467 3369 fugae.

897 3395 1203 3460 Manibus
1248 3393 1372 3458 hoc
1417 3394 1581 3458 satis
1627 3398 1743 3459 est.
1838 3396 1925 3458 ad
1958 3411 2105 3479 ,voa
2150 3393 2459 3476 studiosa,
2504 3396 2825 3474 revertor,

983 3500 1283 3581 Pectora,
1331 3517 1499 3580 quae
1543 3499 1727 3566 vitae
1775 3499 2095 3580 quaeritis
2138 3505 2291 3564 acta
2334 3517 2544 3564 meae·

891 3602 1036 3670 Iam
1081 3605 1240 3671 mihi
1288 3605 1561 3674 canities
1607 3606 1816 3688 pulsis
1860 3605 2236 3672 melioribus
2283 3605 2471 3672 annis

983 3711 1294 3794 Venerat,
1341 3712 1648 3792 antiquas
1693 3713 2174 3793 miscueratque
2221 3730 2449 3794 comas,

707 3923 712 3929 .
767 3881 858 3938 67.
930 3883 1035 3950 hic]
1073 3900 1133 3938 κο
1169 3883 1713 3938 leiehtentzunfflieh.
2094 3861 2185 3940 7⁴9.
2228 3886 2457 3953 fluum
2474 3884 2588 3952 fuit
2604 3883 3195 3954 ffirflevissetfirresl).

767 3951 858 4007 68.
931 3951 1148 4026 fabula}
1188 3952 1590 4008 Stadtklatsch.
2093 3954 2187 4010 80.
2256 3957 2407 4010 iusta
2453 3955 2602 4023 ferre
2649 3956 2819 4024 (auch
2864 3956 3025 4023 dare)
3071 3953 3195 4006 dem

766 4022 858 4077 69.
922 4024 1125 4092 paene]
1161 4023 1430 4078 verbinde
1465 4024 1567 4077 mit
1591 4041 1785 4094 puero.
1956 4024 2137 4078 Toten
2174 4025 2265 4078 die
2300 4026 2463 4078 letzte
2502 4025 2652 4080 Ehre
2689 4025 2967 4078 erweisen.

770 4093 858 4147 71.
929 4093 1048 4146 aine
1094 4094 1320 4148 crimine
1373 4095 1574 4166 gehort
1626 4097 1730 4148 wie
1779 4097 1867 4149 ein
2094 4093 2187 4148 82.
2251 4093 2484 4178 poenae]
2522 4096 2622 4150 der
2656 4095 3057 4163 Verbannung.
3162 4135 3167 4138 .

632 4161 996 4232 Adjektivum
1032 4180 1100 4218 zu
1123 4164 1394 4218 coniunx:
1429 4165 1611 4218 dieser
1639 4165 1867 4218 zweiten
2094 4163 2185 4217 85.
2256 4165 2389 4232 nist]
2426 4163 2517 4218 fur
2552 4170 2790 4233 praeter.

629 4229 781 4283 Frau
861 4230 1068 4287 konnte
1141 4250 1268 4287 man
1339 4233 1504 4287 keine
1575 4233 1869 4290 Vorwiirfe
2094 4233 2186 4288 86.
2254 4235 2502 4304 macilis]
2538 4232 2841 4300 korperlos.

627 4299 880 4354 macheu.
2095 4302 2187 4356 91.
2259 4305 2509 4358 studiosa
2554 4303 2799 4372 pectora]
2850 4300 2940 4354 ihr
2994 4297 3194 4355 wisbe-

768 4371 857 4424 75.
931 4369 1020 4423 Ob
1057 4369 1228 4425 Ovids
1265 4371 1514 4426 Tochter
1551 4389 1655 4426 von
1691 4373 1871 4428 seiner
1956 4373 2093 4444 gieri
2140 4389 2205 4424 en
2245 4371 2535 4440 (Gemiiter
2575 4372 2693 4440 der)
2732 4370 2915 4424 Leser.

630 4443 809 4491 ersten
881 4438 1015 4492 oder
1085 4441 1314 4494 zweitvn
1347 4439 1526 4496 -Frau
1597 4450 1867 4510 stammte,
2095 4391 2187 4497 ὅθ.
2243 4441 2313 4496 D.
2334 4444 2389 4496 h.
2416 4443 2523 4496 seit
2544 4443 2755 4496 meiner
2774 4439 2992 4494 Geburt
3009 4455 3195 4492 waren

616 4507 824 4566 ,visson
859 4508 961 4562 wir
995 4511 1180 4581 nichtr,
1215 4510 1296 4564 sie
1332 4527 1449 4566 war
1475 4513 1724 4567 zweimal
1749 4531 1869 4568 ver·
1958 4513 2097 4566 zehn
2118 4511 2492 4580 olympiaden
2524 4526 2855 4581 vergangen,
2886 4509 2985 4562 das
3013 4511 3195 4562 waren

627 4575 886 4632 heiratet.
1956 4580 2026 4633 40
2061 4581 2099 4634 J
2104 4581 2255 4634 abre.
2328 4581 2455 4636 Nun
2504 4597 2620 4633 war
2656 4580 2754 4634 der
2789 4578 3026 4633 Dichter
3062 4580 3197 4642 aber
