3684 5275
1091 396 1198 453 No.
1222 398 1287 452 21
1327 398 1411 468 (11
1433 398 1728 469 262—272,
1765 364 2061 469 ere-soa
2098 402 2415 473 359—380).
2954 408 3041 473 49

733 571 865 639 Cur
908 573 1118 655 igitur
1162 578 1448 658 currant,
1495 579 1564 641 et
1609 593 1726 641 cur
1769 612 1861 623 —
1904 576 2000 642 sic
2042 595 2305 645 currere
2348 596 2485 645 mos
2530 583 2635 646 est
2676 616 2767 627 —-

819 678 1014 745 Nuda
1057 679 1279 746 ierant
1321 681 1538 761 posita
1582 698 1856 762 corpora
1898 687 2103 766 veste,
2147 684 2385 766 rogas?

643 811 698 851 ιτ»
729 784 880 867 Ipse
926 785 1084 851 deus
1128 785 1324 853 velox
1369 786 1732 853 discurrere
1775 788 2025 869 gaudet
2068 789 2139 853 in
2183 789 2340 856 altis

819 892 1173 975 Montibus,
1219 897 1291 957 et
1333 892 1589 959 subitas
1635 893 1921 974 concipit.
1963 894 2107 975 ipse
2148 894 2369 978 fugas3

729 998 878 1079 Ipse
925 998 1083 1063 deus
1127 998 1339 1064 nudus
1384 999 1592 1065 nudos
1637 999 1824 1065 iubet
1866 1000 1967 1065 ire
2010 1000 2367 1085 ministros;

817 1106 954 1171 Nec
999 1106 1166 1171 satis
1211 1106 1296 1171 ad
1341 1123 1566 1171 cursus
1611 1105 1946 1172 commoda
1987 1108 2195 1174 vestis
2239 1112 2401 1175 erat.

728 1211 908 1277 Ante
949 1212 1174 1278 Iovem
1217 1212 1514 1293 genitum
1557 1216 1773 1277 terras
1817 1211 2125 1279 habuisse
2166 1212 2470 1280 feruntur

639 1344 696 1383 ιο
813 1318 1126 1401 Arcades,
1171 1322 1252 1384 et·
1283 1318 1443 1384 luna
1486 1335 1648 1400 gens
1693 1317 1874 1399 prior
1914 1316 2035 1383 illa
2078 1317 2225 1385 fuit.

727 1424 892 1490 Vita
933 1423 1096 1491 feris
1139 1424 1388 1508 similis,
1433 1423 1644 1489 nullos
1691 1424 1953 1506 agitata
1995 1442 2115 1505 per
2158 1442 2335 1492 usus:

817 1530 1005 1597 Artis
1051 1531 1263 1596 adh-uc
1308 1548 1541 1613 expers
1587 1534 1657 1595 et
1700 1530 1863 1596 rude
1908 1529 2141 1613 volgus
2187 1536 2349 1597 erat.

725 1637 857 1703 Pro
903 1637 1197 1703 domibus
1241 1635 1504 1703 frondes
1548 1641 1804 1719 norant,
1848 1654 1967 1717 pro
2012 1635 2312 1719 frugibus
2356 1637 2610 1722 herbas,

815 1743 1063 1809 Nectar
1107 1748 1254 1809 erat
1297 1742 1531 1824 palmis
1575 1742 1816 1807 hausta
1862 1741 2113 1807 duabus
2160 1760 2347 1823 aqua.

639 1874 694 1915 2⁵
725 1848 959 1915 Nullus
1004 1848 1361 1915 anhelabat
1403 1848 1524 1915 sub
1572 1848 1820 1913 adunco
1866 1865 2127 1914 vomere
2170 1853 2419 1927 taurus,

813 1955 1014 2021 Nulla
1057 1956 1177 2021 sub
1222 1955 1494 2037 imperio
1541 1958 1724 2019 terra
1768 1953 2041 2019 colentis
2088 1959 2259 2019 erat:

724 2061 958 2128 Nullus
1003 2062 1216 2127 adhuc
1261 2066 1407 2128 erat
1451 2079 1608 2127 usus
1653 2059 1830 2141 equi;
1876 2078 1949 2125 se
1992 2059 2266 2141 quisque
2310 2059 2595 2127 ferebat:

812 2169 970 2235 Ibat
1013 2169 1156 2236 ovis
1202 2168 1358 2233 lana
1401 2184 1632 2248 corpus
1679 2166 1923 2231 amicta
1966 2182 2102 2231 sua.

725 2275 858 2341 Sub
903 2274 1064 2343 Iove
1109 2274 1437 2340 durabant
1481 2278 1552 2339 et
1597 2289 1871 2354 corpora
1913 2271 2091 2336 nuda
2131 2271 2469 2357 gerebant,

636 2406 693 2447 ao
809 2380 1026 2448 Docta
1069 2398 1310 2463 graves
1353 2379 1596 2446 imbres
1641 2384 1712 2445 et
1755 2377 2044 2443 tolerare
2086 2382 2295 2445 notos.

721 2488 909 2554 Nunc
955 2505 1208 2569 quoque
1254 2486 1500 2553 detecti
1546 2484 1846 2551 referunt
1890 2484 2287 2550 monimenta
2330 2484 2581 2553 vetusti

811 2594 1032 2678 Moris,
1078 2598 1148 2660 et
1193 2593 1498 2674 antiquas
1542 2590 1983 2658 testificantur
2026 2608 2195 2672 opes.

1322 2701 1358 2738 *
1752 2700 1788 2736 *

1537 2744 1573 2780 *

723 2806 912 2873 Adde
953 2806 1317 2889 peregrinis
1363 2823 1612 2887 caussa
1654 2822 1802 2869 mea
1845 2804 2051 2885 Musa,
2096 2802 2391 2885 Latinas,

814 2911 1021 2993 Inque
1065 2929 1180 2977 suo
1226 2917 1448 2978 noster
1491 2911 1761 2993 pulvere
1807 2913 2033 2976 currat
2076 2925 2297 2991 equus,

637 3039 694 3082 ³5
726 3017 1067 3100 Cornipedi
1110 3017 1340 3084 Fauno
1387 3035 1578 3083 caesa
1623 3018 1705 3082 de
1749 3035 1927 3082 more
1971 3014 2224 3096 capella

812 3123 1017 3192 Venit
1061 3125 1146 3190 ad
1191 3123 1462 3205 exiguas
1507 3123 1706 3188 turba
1750 3127 1991 3189 vocata
2034 3123 2251 3203 dapeS.

720 3230 1020 3314 Dumque
1065 3230 1436 3296 sacerdotes
1480 3210 1746 3296 veribus
1791 3233 2099 3294 transuta
2144 3225 2420 3310 salignis

603 3411 610 3418 ‚
808 3338 990 3405 Exta
1033 3341 1292 3420 parant,
1336 3335 1584 3402 medias
1627 3334 1764 3401 sole
1808 3338 2079 3401 tenente
2121 3333 2287 3416 viaS,
2390 3353 2395 3358 ·

719 3443 1034 3510 Romulus
1079 3449 1148 3510 et
1192 3442 1407 3509 frater
1449 3441 1929 3524 pastoralisque
1970 3440 2281 3506 iuventus

630 3577 687 3617 ιο
807 3551 1064 3618 Solibus
1110 3554 1181 3616 et
1226 3566 1451 3631 campo
1499 3565 1772 3629 corpora
1813 3547 1993 3612 nuda
2038 3545 2305 3610 dabant.

719 3657 1062 3724 Caestibus
1106 3661 1176 3722 et
1219 3655 1453 3722 iaculis
1499 3658 1570 3720 et
1612 3653 1806 3718 misso
1853 3651 2139 3733 pondere
2180 3649 2327 3714 saxi

805 3763 1128 3830 Bracchia
1173 3780 1291 3844 per
1341 3761 1522 3826 lusus
1569 3758 1965 3840 experienda
2010 3756 2278 3822 dabant.

716 3870 956 3936 Pastor
1000 3868 1085 3934 ab
1133 3867 1386 3934 excelso
1433 3867 1570 3947 ‘per
1613 3864 1809 3952 devia
1853 3881 2010 3929 rura
2054 3863 2360 3930 iuvencos

799 3975 1092 4056 Romule,
1136 3975 1513 4055 praedones,
1561 3975 1630 4036 et
1672 3969 1919 4035 Reme?
1966 3968 2137 4034 dixit
2182 3966 2442 4050 ‘ag-unt?

625 4107 682 4148 45
712 4083 1008 4167 Longum
1055 4085 1202 4147 erat
1246 4079 1512 4145 armari:
1560 4075 1838 4142 diversis
1883 4075 2024 4141 exit
2066 4079 2343 4155 uterque

551 4255 641 4311 16.
711 4253 906 4309 Daher
946 4255 1092 4308 noch
1140 4254 1310 4307 heuto
1362 4251 1688 4321 ,panischer
1877 4247 1969 4303 29.

2040 4247 2143 4300 sub
2164 4246 2317 4316 Iove]
2348 4249 2513 4298 unter
2532 4243 2733 4299 freiem
2754 4241 3017 4298 Himmel.

449 4322 814 4379 Schrecken‘.
1876 4318 1969 4372 31.
2040 4316 2260 4384 detecti]
2310 4314 2588 4382 entbldsst,
2635 4331 2707 4367 zu
2742 4316 3017 4385 ergfinzen

551 4395 644 4449 21.
711 4394 894 4448 nullos
938 4424 1008 4434 —
1052 4393 1205 4464 usus]
1258 4391 1406 4446 ohne
1439 4389 1685 4445 Lebens·
1771 4387 1845 4439 ist
1878 4385 2114 4440 ministri
2153 4385 2288 4439 oder
2322 4383 2582 4453 Luperci.

447 4479 546 4518 ans
585 4465 758 4518 riiehe
792 4461 1109 4517 verbracht.
1875 4455 1967 4511 3¹2.
2038 4455 2275 4523 veribus]
2322 4453 2495 4508 ablat.
2538 4453 2685 4523 plur.
2721 4467 2829 4506 von
2864 4467 3016 4506 veru.

711 4531 958 4602 frondes]
991 4532 1376 4587 Laubhutten.

529 4635 770 4689 Brandt,
797 4635 1076 4679 Iaeflmtuoko
1101 4646 1185 4678 aun
1213 4635 1347 4677 ovid.

2632 4601 2670 4654 4
