3684 5275
625 420 710 487 48
1687 460 1692 467 -
1723 428 1919 483 Eroter
1957 433 2101 489 Teil.

982 594 1236 676 Iurgia3
1285 594 1474 659 differ
1519 596 1698 676 Opus,
1743 593 1952 661 livida
1996 597 2209 681 turba,
2255 601 2455 663 tuumz
2560 636 2563 644 ·

833 726 860 767 ε
893 699 1136 784 Οθηιίε,
1181 702 1470 766 odoratis
1513 705 1592 765 ut
1636 700 1865 766 luceat.
1900 702 2161 784 ignibus
2207 703 2452 785 aether,

985 807 1078 872 Et
1122 810 1309 873 sonet
1353 806 1646 871 accensis
1691 807 1873 888 spica
1917 808 2151 875 Cilissa
2193 808 2397 875 focis?
2472 852 2478 859 ·

895 912 1192 978 Flamma
1237 912 1452 978 nitore
1493 930 1610 978 suo
1655 913 2040 996 templorum
2087 915 2397 981 verberat
2442 934 2688 999 aurum,

985 1019 1079 1083 Et
1125 1017 1470 1083 tremulum
1515 1036 1764 1085 summa
1807 1020 2065 1103 spargit
2109 1021 2178 1087 in
2211 1022 2371 1087 aede
2415 1022 2621 1089 iubar.
2710 1038 2713 1043 ·

897 1124 1212 1191 Vestibus
1258 1123 1530 1189 intactis
1577 1125 1895 1206 Tarpeias
1940 1126 2077 1192 itur
2121 1128 2189 1191 in
2238 1146 2436 1210 arces,

809 1253 864 1294 ιο
983 1232 1076 1297 Et
1118 1230 1394 1313 populus
1437 1230 1608 1296 festo
1655 1232 1952 1298 concolor
1994 1233 2135 1314 ipse
2180 1251 2299 1299 suo
2342 1238 2461 1299 est.

895 1337 1164 1417 Iamque
1208 1336 1365 1403 novi
1408 1341 1727 1418 praeeunt
1769 1337 1997 1421 fasceS,
2042 1357 2215 1406 nova
2260 1357 2549 1421 purpura
2592 1338 2823 1421 fulget,

986 1442 1081 1508 Et
1126 1460 1300 1509 nova
1345 1443 1756 1524 conspicuum
1802 1444 2087 1525 pondera
2131 1446 2337 1511 sentit
2382 1446 2561 1511 ebur.

897 1548 1082 1615 Colla
1125 1550 1320 1614 rudes
1349 1566 1628 1629 operum
1672 1551 1995 1630 praebent
2040 1550 2335 1617 ferienda
2378 1552 2655 1633 iuvenci,

988 1654 1162 1738 Quos
1209 1655 1376 1720 aluit
1421 1656 1663 1737 campis
1706 1656 1915 1723 herba
1958 1656 2221 1723 Falisca
2265 1658 2416 1723 suis.

813 1786 866 1825 15
898 1760 1198 1843 Iuppiter
1243 1778 1392 1826 arce
1439 1780 1559 1827 sua
1602 1766 1810 1827 totum
1860 1781 2002 1827 cum
2049 1768 2306 1844 spectet
2349 1763 2419 1828 in
2464 1764 2700 1847 orbem,

989 1866 1100 1933 Nil
1145 1867 1273 1932 nisi
1316 1867 1692 1949 Romanum,
1739 1870 1914 1948 quod
1956 1873 2241 1951 tueatur,
2286 1869 2504 1936 haben

903 1972 1116 2055 Salve,
1162 1972 1342 2038 laeta
1388 1973 1543 2056 dies,
1587 1973 1942 2055 meliorque
1986 1980 2322 2042 revertere
2366 1994 2634 2058 semper,

990 2079 1052 2144 A
1094 2079 1330 2161 populo
1378 2098 1590 2145 rerum
1611 2160 1616 2165 ¹
1637 2080 1838 2163 digna
1880 2086 2149 2162 potente
2194 2080 2336 2147 coli.

1111 2323 1223 2393 No.
1257 2325 1322 2391 21
1372 2324 1466 2407 (ΙΙ
1498 2326 1870 2406 267-272,
1918 2326 2289 2407 277—302,
2338 2324 2733 2409 359—380).

1390 2479 1532 2547 Das
1576 2479 1749 2548 Fest
1792 2479 1922 2546 der
1960 2478 2453 2564 Lupercalien.

361 2650 444 2700 15.
470 2646 638 2702 Febr.
909 2637 1138 2703 Tertia
1181 2644 1330 2720 post
1373 2639 1530 2704 Idus
1573 2638 1779 2704 nudos
1826 2656 2063 2703 aurora
2106 2638 2435 2719 Lupercos

995 2746 1268 2828 Aspicit,
1315 2749 1384 2811 et
1426 2745 1643 2811 Fauni
1687 2763 1877 2810 sacra
1918 2745 2202 2810 bicornis
2248 2749 2422 2810 eunt.

905 2849 1141 2934 Dicite,
1187 2852 1498 2933 PierideS,
1545 2869 1874 2916 sacrorum
1922 2869 2088 2930 quae
2133 2851 2223 2915 sit
2269 2851 2467 2934 orig0,

994 2957 1367 3039 Attigerint
1410 2956 1644 3022 Latias
1689 2959 1859 3022 unde
1904 2958 2119 3039 petita
2164 2958 2398 3022 domos

846 3087 872 3127 5
903 3062 1088 3129 Pana
1134 3065 1324 3157 deum
1370 3063 1620 3144 pecoris
1666 3069 1927 3129 veteres
1973 3063 2247 3129 coluisse
2292 3063 2596 3129 feruntur

993 3171 1309 3238 Arcades:
1355 3169 1658 3234 Arcadiis
1702 3169 2018 3249 plurimus
2064 3170 2177 3236 ille
2221 3169 2409 3252 iugis.

906 3275 1050 3340 Pan
1097 3282 1243 3340 erat
1289 3274 1586 3356 armenti,
1633 3275 1776 3340 Pan
1822 3275 1961 3340 illic
2008 3294 2244 3340 numen
2292 3292 2619 3355 equarum,

995 3381 1230 3447 Munus
1276 3382 1358 3447 ob
1403 3380 1756 3447 incolumes
1802 3381 1915 3446 ille
1960 3380 2219 3446 ferebat
2267 3397 2439 3446 oves,

904 3486 1275 3553 Transtulit
1317 3487 1630 3555 Evander
1674 3486 2011 3553 silvestria
2054 3486 2320 3552 numina
2366 3503 2599 3552 secum.

816 3618 871 3657 ιο
990 3593 1136 3676 Hic,
1183 3593 1296 3659 ubi
1314 3588 1320 3595 ’
1341 3613 1512 3659 nunc
1557 3594 1732 3662 Urbs
1779 3575 1897 3675 est,
1946 3598 2085 3657 tum
2130 3593 2309 3658 locus
2354 3593 2536 3657 urbis
2584 3597 2744 3657 erat.

903 3698 1066 3765 Inde
1113 3701 1301 3765 deum
1348 3698 1614 3766 colimus
1659 3701 2063 3780 devectaque
2108 3717 2298 3764 sacra
2343 3697 2669 3780 Pelasgis:

996 3805 1271 3872 Flamen
1319 3807 1401 3870 ad
1447 3805 1610 3871 haec
1655 3807 1868 3886 prisco
1916 3823 2094 3870 more
2138 3804 2351 3871 Dialis
2400 3810 2561 3869 erat.

779 3981 834 4036 4.
907 3979 1064 4049 opus]
1124 3978 1250 4032 fasst
1302 3977 1401 4030 das
1455 3977 1596 4031 eben
1650 3977 1886 4048 gehiirte
2077 3978 2167 4033 12.
2247 3977 2397 4048 ebur]
2437 3976 2529 4031 die
2566 3977 2705 4032 sella
2742 3976 2963 4030 curulis.

637 4051 781 4108 litem
828 4049 944 4102 und
993 4050 1182 4118 ius-qia
1232 4047 1516 4102 nochmals
1550 4063 1882 4102 zusammen.
2077 4048 2168 4103 13.
2241 4063 2463 4116 operum
2496 4047 2682 4118 mdes]
2730 4046 2875 4100 noch
2919 4046 3078 4098 nicht
3122 4061 3221 4099 zur

637 4152 706 4160 —
743 4119 942 4188 livida]
977 4119 1347 4188 ilbertragen:
1387 4116 1743 4186 missgiinstig.
1970 4115 2303 4170 Feldarbeit
2336 4115 2670 4186 gebraucht.

777 4191 810 4244 5
830 4189 897 4243 ff.
969 4186 1311 4257 Schauplatz
1347 4185 1444 4238 des
1477 4184 1774 4256 folgenden
1812 4186 1885 4240 ist
2079 4186 2168 4242 18.
2238 4187 2443 4256 rerum]
2477 4210 2549 4232 =
2588 4185 2742 4239 orbis
2776 4189 3065 4238 terrarum.

639 4259 738 4312 das
775 4257 1014 4326 Capitol.
2077 4255 2288 4311 No.21.
2354 4255 2411 4312 8.
2476 4254 2701 4325 Wegen
2717 4254 3223 4308 derunversehrten

777 4329 834 4382 6.
906 4323 1074 4399 sonet]
1114 4325 1366 4379 knistert.
1973 4325 2197 4393 Schafe‚
2235 4326 2286 4378 d.
2312 4325 2367 4378 h.
2406 4326 2533 4379 weil
2572 4342 2633 4378 er
2668 4325 2748 4376 aie
2771 4324 3113 4390 beschiitzte,
3141 4339 3223 4376 er-

781 4400 834 4452 7.
906 4396 1156 4451 verberat
1211 4393 1368 4448 trifft.
1972 4394 2115 4448 hielt
2152 4412 2212 4448 er
2248 4397 2339 4449 ein
2364 4393 2682 4458 Geschenk,
2722 4393 2773 4447 d.
2800 4394 2855 4446 h.
2883 4393 3070 4447 wurde
3106 4392 3222 4445 ihm

744 4468 834 4520 10.
908 4466 1155 4521 concolor
1207 4463 1542 4534 gleichfarb‘
1588 4505 1601 4530 ,
1639 4469 1883 4534 entspre-
1974 4481 2081 4535 geo
2124 4464 2253 4519 fert.

641 4535 822 4590 chend
861 4537 936 4604 (d,
975 4535 1032 4589 h.
1069 4533 1314 4604 festlich)
1350 4532 1540 4603 geklei
1581 4541 1655 4588 et.
2113 4533 2169 4590 2.
2244 4535 2319 4590 ad
2354 4534 2509 4602 haec]
2550 4533 2643 4586 bei
2682 4533 2808 4587 dem
2849 4531 3047 4586 colere.
