3684 5275
1457 433 1561 490 No.
1586 433 1657 490 50
1693 434 1781 504 (E.
1818 435 1888 490 P.
1921 437 1984 490 11
2010 438 2115 504 10).
2950 438 3076 508 133

854 611 1000 679 Νοιι
1046 610 1173 677 alit
1217 609 1429 677 officio
1474 627 1709 692 corpus
1752 611 1954 680 inane
1996 630 2132 679 suo.

768 719 895 788 Sed
939 717 1163 802 vigilo,
1207 715 1621 800 vigilantque
1663 717 1793 786 mei
1836 717 1981 785 sine
2023 718 2152 786 fine
2195 719 2466 805 dolores,

858 824 1143 909 Quorum
1187 823 1533 892 materiam
1578 825 1697 892 dat
1738 823 1922 891 locus
1963 823 2107 908 ipse
2149 825 2326 894 mihi.

682 959 737 1000 π
768 932 900 999 Vix
942 931 1152 1015 igitur
1192 931 1403 1013 possis
1448 931 1623 1000 visos
1668 949 2024 1015 agnoscere
2067 932 2311 1017 vultus,

858 1039 1127 1122 Quoque
1170 1037 1344 1120 ierit,
1389 1055 1688 1122 quaeras,
1733 1038 1848 1119 qui
1891 1037 2024 1104 fuit
2065 1043 2224 1105 ante
2269 1039 2460 1106 color.

770 1146 1030 1213 Parvus
1072 1144 1145 1210 in
1190 1143 1397 1212 exiles
1440 1161 1631 1210 sucus
1674 1143 1836 1210 mihi
1879 1145 2188 1227 pervenit
2230 1149 2434 1230 artus,

857 1251 1284 1333 Membraque
1326 1254 1484 1316 sunt
1527 1268 1682 1316 cera
1723 1249 2076 1332 pallidiora
2116 1269 2307 1319 nova.

771 1358 917 1425 Non
959 1358 1128 1424 haee
1170 1355 1491 1423 inmodico
1536 1357 1838 1424 contraxi
1882 1358 2124 1425 damna
2164 1358 2414 1442 Lyaeo:

682 1489 741 1531 ao
858 1465 1017 1548 Scis,
1061 1463 1224 1529 mihi
1268 1481 1464 1545 quam
1508 1463 1685 1530 solae
1730 1481 1940 1546 paene
1984 1464 2300 1531 bibantur
2343 1483 2570 1546 aquae.

772 1570 918 1638 Non
962 1569 1172 1654 epulis
1216 1587 1472 1638 oneror:
1518 1588 1793 1651 quarum
1836 1570 1896 1638 si
1939 1574 2185 1654 tangar
2225 1588 2462 1654 amore,

862 1676 989 1744 Est
1033 1683 1255 1744 tamen
1297 1677 1368 1742 in
1413 1675 1667 1744 Geticis
1712 1677 1901 1759 copia
1942 1676 2128 1744 nulla
2171 1677 2350 1744 locis.

774 1783 911 1851 Nec
955 1783 1131 1850 vires
1176 1781 1410 1850 adimit
1452 1782 1731 1850 Veneris
1776 1784 2089 1850 damnosa
2130 1782 2462 1865 voluptas:

864 1889 1010 1956 Non
1053 1888 1223 1956 solet
1264 1889 1336 1955 in
1379 1893 1665 1956 maestos
1706 1889 1827 1956 illa
1870 1889 2098 1958 venire
2141 1894 2337 1957 toros.

688 2023 743 2065 ³5
771 1997 968 2064 Unda
989 1997 1319 2077 ‚locusque
1362 2000 1601 2062 nocent
1645 2000 1716 2062 et
1760 2015 1960 2064 causa
2002 1997 2332 2065 valentior
2372 1995 2538 2080 istis,

864 2103 1187 2170 Anxietas
1232 2101 1451 2185 animi,
1497 2120 1665 2183 quae
1708 2102 1872 2168 mihi
1915 2120 2171 2185 semper
2213 2104 2422 2172 adest.

774 2210 965 2277 Hanc
1008 2209 1141 2276 nisi
1181 2214 1258 2275 tu
1300 2209 1558 2291 pariter
1599 2208 1799 2276 simili
1843 2228 1990 2277 cum
2033 2208 2247 2276 fratre
2289 2209 2566 2292 levares,

862 2317 996 2384 Vix
1039 2334 1222 2383 mens
1267 2315 1586 2382 tristitiae
1628 2320 1861 2384 nostra
1902 2315 2168 2382 tulisset
2209 2333 2389 2383 onus.

774 2423 909 2490 Vos
954 2423 1113 2490 estis
1156 2423 1371 2490 fracto
1416 2422 1615 2490 tellus
1657 2441 1789 2490 non
1834 2424 2003 2490 dura
2043 2422 2337 2506 phaselo:

686 2557 742 2596 ao
862 2529 1200 2614 Quamque
1242 2535 1493 2612 negant
1535 2529 1745 2613 multi,
1790 2547 1911 2597 vos
1954 2529 2116 2596 mihi
2159 2527 2354 2597 fertis
2399 2546 2602 2611 opem.

774 2637 995 2721 Ferte,
1038 2654 1285 2720 precor,
1329 2654 1599 2720 semper,
1646 2635 1803 2717 quia
1845 2654 2101 2718 semper
2145 2635 2478 2719 egebimus
2520 2634 2656 2721 illa,

865 2743 1165 2811 Caesaris
1209 2743 1523 2810 offensum
1570 2744 1721 2809 dum
1764 2742 1928 2807 mihi
1970 2760 2208 2809 numen
2253 2742 2401 2808 erit.

777 2848 905 2933 Qui
948 2848 1249 2915 meritam
1293 2849 1481 2915 nobis
1526 2848 1797 2932 minuat,
1840 2865 1973 2914 non
2015 2847 2207 2915 finiat
2248 2847 2432 2930 iram,

866 2953 1265 3036 Suppliciter
1306 2960 1561 3022 vestros
1606 2955 1880 3035 quisque
1923 2958 2158 3038 rogate
2202 2955 2374 3021 deos.

1410 3183 1524 3253 No.
1556 3182 1650 3253 59
1696 3180 1799 3268 (Ε.
1842 3182 1920 3249 Ρ.
1963 3182 2036 3249 II
2068 3180 2196 3269 10).

1318 3338 1980 3409 Entsehvmndenes
2025 3337 2280 3409 Gluck.

776 3496 1033 3577 Ecquid
1076 3498 1161 3565 ab
1204 3500 1560 3580 impressae
1604 3498 1940 3581 cognoscis
1980 3497 2268 3581 imagine
2311 3514 2503 3563 cerae

865 3602 1050 3669 Haec
1093 3603 1221 3670 tibi
1263 3605 1590 3671 Nasonem
1635 3604 1922 3671 scribere
1966 3604 2190 3687 verba,
2233 3602 2500 3669 Macer?

777 3710 1214 3791 Auctorisque
1258 3709 1361 3777 sui
1404 3710 1463 3777 si
1504 3728 1634 3776 non
1680 3714 1783 3776 est
1828 3710 2062 3776 anulus
2105 3710 2322 3793 index,

868 3816 1231 3899 cognitane
1276 3820 1382 3883 est
1424 3820 1655 3883 nostra
1694 3816 1929 3883 littera
1970 3816 2154 3882 facta
2196 3814 2436 3882 manu?

718 3950 744 3990 ο
775 3925 882 3989 An
927 3922 1056 3988 tibi
1097 3923 1403 3988 notitiam
1448 3941 1630 3989 mora
1674 3923 1988 4004 temporis
2034 3922 2233 4005 eripit
2275 3923 2523 4005 horum,

616 4086 705 4144 25.
749 4089 951 4159 possis]
967 4088 1046 4141 im
1060 4086 1383 4143 Deutschen
1401 4086 1757 4159 Konjunktiv
1826 4086 2067 4141 .F'reund
2091 4086 2280 4153 odda,
2305 4086 2408 4140 mit
2431 4086 2560 4141 dem
2583 4086 2764 4141 dieser
2790 4086 2856 4141 19
2880 4102 2931 4139 v.
2951 4084 3084 4139 Chr.

516 4155 611 4209 dea
647 4156 998 4228 Imperfekts.
1842 4156 1967 4212 eine
1998 4156 2204 4211 achtine
2227 4155 2392 4210 Reise
2416 4156 2593 4210 durch
2619 4155 2947 4215 Kleinasien
2969 4155 3087 4209 und

620 4226 710 4283 27.
780 4227 969 4300 Traga
1002 4224 1161 4281 fliesst
1195 4226 1302 4279 mir
1343 4226 1442 4281 das
1477 4224 1615 4280 Blut
1649 4231 1753 4281 etc.
1842 4224 2070 4281 Sixilien
2107 4226 2370 4299 gemacht
2409 4225 2598 4294 hatte,
2650 4226 2817 4281 deren
2854 4224 3084 4279 Erinne-

616 4296 707 4352 20.
778 4297 999 4368 damna]
1034 4294 1268 4351 Leiden.
1838 4312 1988 4367 rung
2023 4296 2125 4351 das
2161 4294 2411 4351 Gedicht
2441 4295 2688 4367 geweiht
2722 4296 2810 4349 ist.

616 4365 708 4421 48.
779 4368 905 4436 qui]
938 4391 1011 4413 =
1044 4372 1108 4420 ut
1142 4365 1207 4419 is.
1980 4366 2038 4423 1.
2107 4366 2367 4449 ἐπιτρέποι]
2383 4364 2480 4418 des
2499 4364 2869 4437 Siegelringes
2889 4363 2983 4432 (V.
3001 4364 3084 4433 3);

617 4504 724 4561 No·
748 4505 841 4561 59.
878 4504 995 4560 Der
1012 4506 1284 4561 Adressat
1304 4506 1379 4558 ist
1397 4503 1553 4559 Pom
1610 4506 1753 4559 eius
1840 4442 2039 4560 mteg.
2052 4433 2520 4575 Νῇοἰίιηιιῗιῗεξῐ
2575 4450 2775 4575 ixx·
2810 4504 2924 4557 und
2985 4504 3086 4558 der

514 4572 769 4643 Macer,
826 4576 914 4629 ein
950 4574 1187 4631 Dichter
1222 4573 1357 4646 (vgl.
1403 4574 1477 4629 V.
1514 4574 1543 4629 1
1640 4574 1757 4628 und
1841 4574 2070 4630 schrift.
