3684 5275
634 401 757 468 108
1658 457 1665 464 .
1708 413 1947 468 zweiter
1989 413 2136 468 Ten.

985 576 1361 659 Purpureus
1405 576 1629 658 populi
1671 575 1804 642 rite
1849 595 1968 658 per
2011 595 2132 644 ora
2175 577 2302 644 tui:
2363 593 2370 599 ·

896 681 1170 766 Quaque
1211 682 1359 766 ibis,
1404 682 1705 750 manibus
1748 682 2304 765 circumplaudere
2349 689 2626 766 tuorum,

807 817 863 855 ω
982 789 1286 870 Undique
1329 789 1579 855 iactato
1626 788 1788 855 flore
1830 793 2100 872 tegente
2145 789 2309 858 vias,

895 897 1218 976 Tempora
1261 895 1567 961 Phoebea
1611 894 1799 961 lauro
1842 896 2161 978 cingetur,
2208 896 2316 963 ‘Io’
2365 915 2489 978 que

984 1001 1197 1085 Miles,
1242 1002 1367 1080 ‘Io,’
1411 1019 1655 1085 magna
1697 1020 1876 1084 voce,
1923 1002 2312 1084 ‘Triumphe’
2359 1009 2568 1070 canet.

894 1107 1045 1190 Ipse
1088 1126 1244 1175 sono
1289 1107 1653 1189 plausuque
1696 1107 1887 1174 simul
1932 1107 2330 1189 fremituque
2374 1117 2649 1176 canente

986 1213 1425 1298 Quadriiugos
1469 1231 1695 1280 cernes
1740 1233 1938 1296 saepe
1981 1214 2290 1282 resistere
2335 1233 2552 1296 equos,

807 1347 863 1386 55
893 1321 1057 1386 Inde
1099 1325 1285 1403 petes
1332 1338 1547 1386 arcem
1594 1327 1663 1387 et
1710 1320 1984 1386 delubra
2028 1320 2329 1388 faventia
2374 1323 2567 1405 votis,

985 1428 1077 1493 Et
1122 1427 1389 1493 dabitur
1432 1427 1665 1494 merito
1710 1428 1940 1494 laurea
1985 1433 2146 1494 vota
2189 1428 2352 1495 Iovi.

894 1533 1080 1600 Haec
1124 1552 1245 1617 ego
1291 1539 1663 1617 summotus
1710 1553 1841 1616 qua
1885 1552 2161 1618 possum,
2207 1539 2425 1602 mente
2471 1536 2732 1602 videbo:

982 1639 1220 1722 Erepti
1265 1641 1453 1707 nobis
1496 1640 1601 1707 ius
1646 1640 1850 1707 habet
1893 1641 2012 1705 ffla
2055 1640 2200 1708 loci.

894 1745 1025 1812 ma
1068 1766 1185 1829 per
1228 1746 1557 1814 inmensas
1600 1746 1933 1829 spatiatur
1977 1747 2188 1814 libera
2231 1751 2465 1832 terrm,

806 1877 862 1916 eo
982 1854 1063 1919 In
1108 1853 1357 1919 caelum
1404 1853 1601 1920 celeri
1644 1854 1952 1936 pervenit
1995 1853 2115 1920 illa
2158 1853 2296 1937 via3

894 1959 1025 2025 Illa
1067 1978 1243 2026 meos
1289 1960 1507 2027 oculos
1551 1960 1831 2026 mediam
1876 1960 2142 2026 deducit
2184 1960 2255 2026 in
2299 1961 2563 2043 Urbem,

984 2065 1309 2133 Immunes
1352 2068 1529 2134 tanti
1574 2087 1697 2134 nec
1738 2068 1900 2134 sinit
1945 2085 2088 2134 esse
2129 2067 2310 2149 boni3

894 2171 1327 2255 Invenietque
1370 2174 1642 2258 animuS,
1690 2193 1820 2255 qua
1867 2193 2096 2240 currus
2140 2177 2398 2256 spectet
2442 2175 2746 2240 eburnos:

984 2277 1094 2345 Sic
1139 2284 1319 2346 certe
1362 2280 1434 2346 in
1477 2281 1701 2363 patria
1745 2298 1866 2361 per
1909 2281 2112 2346 breve
2157 2287 2414 2362 tempus
2460 2297 2590 2346 ero.

805 2409 859 2447 σε,
897 2385 1072 2450 Vera
1115 2390 1339 2452 tamen
1384 2387 1603 2468 capiet
1646 2386 1923 2469 populus
1967 2387 2344 2468 spectacula
2388 2384 2568 2470 felix,

983 2491 1323 2573 Laetaque
1369 2493 1499 2559 erit
1542 2511 1853 2574 praesens
1900 2512 2044 2560 cum
2091 2495 2253 2558 duce
2298 2494 2498 2560 turba
2541 2510 2677 2558 suo,

897 2598 991 2663 At
1036 2597 1197 2665 1111111
1239 2598 1539 2683 fingendo
1584 2604 1846 2667 tantum
1890 2599 2212 2682 longeque
2257 2600 2524 2668 remotis

985 2705 1273 2773 Auribus
1317 2706 1424 2772 hic
1468 2706 1727 2773 tructus
1769 2706 2224 2789 percipiendus
2269 2706 2416 2791 erit,

894 2811 1118 2892 Atque
1161 2811 1389 2893 procul
1434 2813 1630 2880 Latio
1674 2813 2006 2882 diversum
2049 2814 2281 2879 missus
2325 2813 2397 2879 in
2441 2813 2662 2879 orbem

810 2940 863 2979 το
983 2915 1109 3000 Qui
1155 2923 1383 2985 narret
1428 2920 1679 3003 cupido,
1724 2920 1839 2987 vix
1886 2920 2031 3002 erit,
2076 2920 2210 2985 ista
2255 2918 2429 2985 mihi.

896 3023 965 3088 Is
1010 3041 1263 3104 quoque
1306 3024 1439 3091 iam
1484 3044 1699 3093 serum
1746 3025 1993 3092 referet
2038 3030 2457 3106 veteremque
2502 3026 2924 3107 triumphum:

983 3129 1124 3214 Quo
1170 3136 1392 3197 tamen
1438 3132 1703 3199 audiero
1748 3137 2058 3215 tempore,
2103 3132 2320 3199 laetus
2362 3150 2491 3199 ero.

894 3234 1023 3299 Illa
1069 3236 1207 3303 dies
1253 3238 1495 3321 veniet,
1538 3256 1685 3305 mea
1730 3257 1862 3320 qua
1904 3239 2212 3321 lugubria
2257 3234 2508 3321 ponam,

985 3341 1323 3424 Causaque
1366 3345 1633 3427 privata
1677 3345 1944 3427 publica
1985 3345 2193 3412 maior
2237 3344 2383 3410 erit.

1580 3550 1695 3618 110.
1722 3550 1820 3619 47
1868 3548 1980 3633 (11.
2024 3548 2120 3614 IV
2154 3547 2242 3632 5).

1453 3686 1743 3757 Seltene
1785 3685 2385 3755 Freundestreue.

894 3822 949 3889 Ο
996 3824 1154 3891 1111111
1200 3826 1472 3894 dilectos
1515 3827 1694 3895 inter
1735 3846 1891 3909 pars
1935 3826 2146 3909 prima
2192 3825 2462 3905 sodale8‚
2535 3894 2542 3903 ,

980 3932 1195 3999 Unica
1236 3933 1521 4001 fortunis
1566 3953 1685 4001 ara
1729 3939 1997 4016 reperta
2039 3932 2216 4015 meiS‚

894 4036 1091 4105 Cuius
1136 4041 1221 4106 ab
1268 4040 1587 4121 adloquiis
1634 4040 1854 4105 anima
1898 4042 2060 4107 haec
2105 4039 2490 4107 moribunda
2534 4040 2794 4119 revixit,

762 4194 855 4250 48.
918 4210 1029 4263 por
1068 4196 1189 4266 ora]
1230 4196 1331 4248 wir
1376 4212 1575 4267 sagen:
1637 4212 1709 4249 an
1764 4194 1872 4249 deu
1960 4194 2175 4249 Namen
2219 4211 2464 4259 neuneu,
2513 4195 2628 4249 dass
2672 4194 2782 4248 alle
2821 4192 2976 4249 Welt
3019 4195 3198 4249 meine

625 4263 827 4335 Augen
864 4264 962 4318 des
997 4264 1211 4320 Volkee
1246 4266 1455 4319 vorbei.
1955 4263 2354 4319 Dankbarkeit
2403 4264 2494 4318 fiir
2553 4264 2714 4319 deine
2765 4263 3202 4319 unwaudolbare

762 4334 855 4390 54.
927 4336 1202 4405 resistam]
1237 4336 1495 4389 schenen.
1956 4333 2390 4389 Freundesliebe
2425 4334 2584 4399 dhe,
2627 4332 2773 4388 doch
2805 4334 2902 4388 ich
2936 4333 3067 4387 muss
3104 4334 3198 4386 be-

764 4405 857 4460 57.
924 4410 1217 4460 offlam
1270 4420 1369 4458 aus
1402 4404 1502 4458 der
1536 4402 1736 4458 Ferue.
1955 4402 2232 4471 flirchten,
2270 4404 2358 4457 dir
2391 4420 2498 4457 11111·
2531 4420 2600 4456 zu
2635 4403 2898 4457 schadeu.

764 4474 859 4529 68.
930 4474 1169 4544 fructu]
1328 4474 1422 4541 ufl,
1458 4472 1662 4529 Glfick.
1955 4508 1964 4515 ·
2098 4474 2156 4530 1.
2219 4490 2359 4543 pars
2396 4470 2598 4545 prima]
2647 4472 2747 4527 der
2793 4473 2870 4527 du
2916 4472 3008 4526 die
3053 4478 3198 4526 erate

764 4542 873 4599 No.
892 4544 984 4599 47.
1022 4544 1153 4599 Wie
1165 4559 1334 4614 gerne
1349 4544 1537 4597 wurde
1555 4544 1648 4597 ich
1668 4541 1869 4599 deinen
1959 4542 2130 4597 Stelle
2172 4545 2508 4598 einnimmst.
3100 4603 3107 4610 ,
