3684 5275
629 366 718 433 w
1721 378 1915 431 nme:
1956 379 2101 435 ‘reu

983 540 1276 607 Hercule
1317 560 1446 621 quo
1491 540 1692 607 tellus
1731 544 1826 607 sit
1868 545 2035 609 satis
2080 562 2202 611 usa
2244 564 2383 611 suo.

897 648 2381 733 Atfelixvaoegutdisgratissimvixit,

987 755 1288 821 Possidet
1331 754 1508 819 bunc
1551 755 1700 820 Iani
1743 756 1842 820 sic
1884 756 2013 821 deu
2052 775 2275 823 mense
2318 758 2507 823 diem.

1047 1172 1160 1240 11.
1245 1172 1426 1241 Ans
1479 1172 1638 1242 der
1683 1174 2193 1243 Bomisohsn
2244 1176 2765 1245 Gesohiehts.

1557 1356 1672 1425 ιο.
1703 1358 1750 1427 s
1795 1356 1933 1441 (111
1968 1358 2273 1443 11—70.)

839 1512 1122 1583 acb-rt
1161 1512 1288 1581 dos
1329 1514 1680 1581 Romulus
1721 1513 1873 1581 und
1916 1514 2207 1582 Βοιιιιιε.
2293 1514 2695 1599 Grundug
2734 1516 2983 1584 Bona.

895 1687 1108 1755 Silvia
1153 1689 1444 1756 Vestalis
1489 1726 1578 1736 —
1621 1690 1780 1770 quid
1822 1690 1994 1755 enim
2040 1696 2227 1755 vetat
2272 1690 2427 1756 inde
2468 1690 2761 1757 moveri?
2804 1728 2893 1738 —

985 1794 1190 1861 Sacra
1231 1795 1575 1861 lavaturas
1617 1814 1808 1861 mane
1850 1796 2125 1877 petebat
2166 1815 2391 1877 aquas.

899 1902 1182 1967 Ventum
1227 1908 1376 1967 erat
1419 1902 1506 1967 ad
1548 1903 1728 1968 molli
1773 1903 2091 1969 declivem
2138 1904 2407 1968 tramite
2452 1904 2693 1984 ripam:

986 2007 1266 2073 Ponitur
1309 2026 1346 2075 e
1389 2027 1642 2075 summa
1681 2008 1905 2075 fictilis
1948 2026 2119 2075 urna
2160 2028 2359 2075 coma.

839 2140 868 2180 s
897 2112 1106 2179 Fessa
1147 2114 1391 2181 resedit
1437 2116 1648 2197 humo,
1693 2120 2057 2195 ventosque
2100 2117 2357 2197 accepit
2400 2122 2631 2197 aperto

985 2220 1282 2303 Pectore,
1327 2222 1632 2287 turbatas
1675 2221 2101 2301 restituitque
2144 2240 2375 2287 comas.

899 2326 1070 2392 Dum
1113 2328 1318 2409 sedet,
1363 2326 1702 2391 umbrosae
1745 2326 1981 2392 salices
2025 2327 2449 2407 volucresque
2500 2346 2777 2395 canorae

987 2430 1318 2499 Fecerunt
1359 2450 1616 2497 somnos
1659 2438 1730 2497 et
1773 2432 1924 2499 leve
1968 2451 2259 2499 murmur
2298 2452 2529 2514 aquae.

899 2538 1158 2605 Blanda
1201 2539 1386 2620 quies
1429 2538 1658 2605 furtim
1703 2540 1905 2607 victis
1948 2540 2241 2619 obrepsit
2282 2540 2524 2623 ocellis,

811 2673 868 2716 ιο
985 2647 1080 2712 Et
1121 2647 1304 2712 cadit
1345 2665 1390 2712 a
1430 2653 1649 2714 mento
1693 2647 2007 2728 languida
2050 2645 2233 2712 faeta
2276 2665 2523 2714 manus.

897 2753 1080 2818 Mars
1123 2753 1310 2820 videt
1352 2754 1540 2836 hanc,
1585 2755 1925 2834 visamque
1966 2752 2169 2834 eupit,
2215 2753 2597 2836 potiturque
2640 2755 2881 2836 cupita,

987 2859 1082 2926 Et
1123 2879 1246 2926 sua
1289 2861 1516 2928 divina
1559 2859 1740 2926 furta
1785 2859 2029 2926 fefellit
2072 2876 2211 2940 ope.

897 2964 1172 3032 Somnus
1215 2967 1378 3048 abit,
1421 2967 1594 3032 iacet
1637 2967 1758 3032 illa
1799 2966 2045 3049 gravis.
2119 2965 2251 3030 iam
2294 2965 2549 3034 scilicet
2590 2967 2771 3032 intra

988 3073 1261 3139 Viscera
1301 3072 1634 3138 Romanae
1677 3073 1975 3138 eonditor
2024 3071 2219 3140 Urbis
2262 3081 2424 3138 erat„

813 3203 868 3244 ιι
895 3179 1244 3261 Languida
1285 3179 1640 3260 consurgit,
1681 3195 1802 3244 nec
1846 3179 1991 3259 scit,
2036 3197 2155 3244 cur
2196 3178 2511 3261 languida
2552 3185 2801 3260 surgat,

987 3283 1084 3350 Et
1125 3285 1388 3367 peragit
1431 3285 1588 3350 talis
1633 3285 1867 3350 arbore
1909 3285 2069 3348 nixa
2112 3301 2333 3350 sonos:

899 3391 1100 3458 ‘Utile
1143 3391 1234 3456 sit
1277 3390 1709 3474 faustumque,
1753 3408 2002 3473 precor,
2047 3391 2221 3472 quod
2263 3390 2547 3472 imagine
2592 3391 2797 3456 somni

988 3497 1304 3576 Vidimus.
1371 3517 1458 3564 an
1501 3515 1720 3564 somno
1767 3495 2009 3562 elarius
2056 3497 2225 3563 illud
2268 3494 2456 3563 erat?

899 3603 1172 3686 Ignibus
1215 3602 1438 3669 Iliacis
1484 3605 1764 3686 aderam,
1809 3621 1955 3668 cum
2000 3605 2188 3684 lapsa
2230 3601 2487 3684 capillis

813 3735 868 3776 ιο
985 3708 1250 3774 Decidit
1295 3715 1452 3776 ante
1495 3729 1712 3777 saeros
1755 3710 1952 3776 lanea
1994 3710 2173 3776 vitta
2216 3709 2411 3776 focos.

899 3815 1062 3882 Inde
1106 3816 1274 3882 duae
1317 3816 1586 3898 pariter,
1631 3818 1778 3884 visu
1821 3816 2141 3900 mirabile,
2186 3817 2443 3898 palmae

988 3921 1298 4004 Surgunt.
1365 3941 1448 3988 ex
1491 3922 1624 3988 illis
1670 3923 1883 3987 altera
1926 3923 2134 3989 maior
2178 3929 2343 4004 erat,

739 4143 848 4202 Bo·
861 4145 918 4202 9.
961 4146 1016 4201 1.
1049 4143 1564 4220 noum‘1ausholen‚
1578 4145 1875 4218 anfangen.
1962 4144 2497 4341 {sigbgizrneeuigni
2436 4147 2532 4200 hin
2500 4151 2709 4218 nweg“,
2746 4145 2799 4198 d.
2823 4146 2883 4201 h.
2908 4161 2967 4200 er
2990 4146 3101 4201 lieo
3124 4147 3203 4201 sie

637 4249 1133 4372 ammi
1167 4255 1322 4373 aa„
1331 4246 1879 4389 agg-mg?
1987 4301 2000 4310 ·
2262 4287 2421 4408 :tm
2286 4285 2747 4410 vm&
2750 4284 3205 4425 ΐᾞιὲεὲοὲ

741 4420 832 4477 12.
907 4419 1069 4488 ‚Und
1127 4421 1304 4475 durch
1405 4421 1636 4476 ''ttliche
1689 4421 1881 4477 Kunst
1964 4423 2207 4478 fallenen
2254 4424 2327 4478 Bi
2286 4353 2436 4478 neo}
2470 4424 2619 4492 (dem
2656 4423 2889 4494 Symbol
2934 4423 3035 4477 der
3080 4441 3205 4478 ver-

635 4491 894 4546 ssuschte
941 4507 1002 4546 er
1047 4490 1126 4544 sie
1175 4491 1314 4546 uber
1401 4492 1455 4547 ie
1488 4491 1877 4547 ventohlenen
1964 4493 2168 4548 letzten
2204 4493 2319 4548 Jun
2284 4493 2699 4566 ngfriuliehkei
2698 4496 2763 4562 t).
