3684 5275
1427 402 1532 459 No.
1561 404 1622 459 ιτ
1662 404 1770 475 <fv
1795 404 2113 477 249—348).
2966 404 3053 471 43

1369 608 1482 676 κο.
1517 607 1580 675 17
1630 605 1752 692 (IV
1783 606 2186 693 249—348).

498 760 631 829 Die
681 744 1200 847 fibermhrung
1256 762 1380 831 des
1436 763 1873 935 Βίίᾱοεὴᾱῗιι·
1929 764 2179 849 Magna
2232 766 2463 833 Mater
2518 783 2659 833 von
2715 765 3059 835 PessInus

1557 882 1690 933 nae
1851 886 1990 935 om.

765 1022 1148 1105 ‘Dindymon
1196 1028 1266 1090 et
1311 1022 1596 1107 Cybelen
1642 1028 1712 1089 et
1757 1041 2089 1090 amoenam
2134 1024 2427 1092 fontibus
2471 1026 2632 1092 Iden

854 1128 1121 1212 Semper
1167 1134 1236 1195 et
1279 1129 1519 1196 Iliacas
1563 1131 1784 1196 Mater
1827 1132 2079 1198 amavit
2125 1149 2303 1215 opes:
2468 1186 2477 1193 .

767 1233 925 1302 Cum
971 1236 1236 1302 Troiam
1281 1237 1542 1302 Aeneas
1585 1236 1794 1302 Italos
1834 1240 2136 1319 portaret
2179 1236 2248 1303 in
2292 1254 2505 1321 agros

852 1340 980 1407 Est
1025 1342 1148 1408 dea
1191 1340 1542 1408 sacriferas
1585 1360 1794 1423 paene
1838 1348 2066 1409 secuta
2109 1348 2306 1427 rates²

710 1472 736 1511 ι
768 1446 896 1513 Sed
939 1447 1219 1513 nondum
1261 1447 1426 1514 fatis
1468 1448 1664 1514 Latio
1710 1466 1830 1515 sua
1873 1449 2140 1515 numina
2183 1446 2362 1532 posci

855 1553 1182 1639 Senserat,
1227 1555 1518 1621 adsuetis
1562 1554 2080 1637 substiteratque
2123 1556 2299 1622 locis.

769 1659 947 1744 Post,
992 1666 1070 1727 ut
1113 1660 1320 1726 Roma
1364 1665 1598 1744 potens
1641 1660 1871 1742 opibus
1915 1660 2047 1727 iam
2090 1661 2357 1728 saecula
2402 1660 2687 1742 quinque

856 1766 1061 1850 Vidit,
1109 1772 1180 1834 et
1223 1766 1502 1833 edomito
1549 1767 1818 1833 sustulit
1862 1768 2018 1833 orbe
2064 1772 2281 1851 caput,

769 1871 1089 1939 Carminis
1136 1872 1414 1939 Euboici
1457 1871 1699 1965 fatalia
1743 1875 1950 1941 verba
1994 1874 2295 1940 sacerdos

683 2004 737 2043 ιο
853 1978 1158 2061 Inspicit3
1204 1979 1566 2060 inspectum
1613 1978 1751 2045 tale
1794 1978 1999 2045 fuisse
2042 1978 2288 2045 ferunt:

770 2084 1026 2151 “Mater
1070 2086 1284 2151 abest:
1329 2085 1612 2151 Matrem
1657 2086 1867 2169 iubeo,
1912 2084 2221 2169 Romane,
2266 2086 2578 2167 requiras.

862 2190 1021 2258 Cum
1064 2192 1305 2275 veniet,
1351 2195 1537 2257 casta
1581 2195 1684 2257 est
1728 2192 2107 2273 accipienda
2148 2192 2397 2258 manu.”

775 2296 1105 2367 Obscurae
1149 2298 1348 2364 sortis
1391 2302 1616 2379 patres
1660 2297 2048 2381 ambagibus
2094 2302 2337 2381 errant,

862 2404 1132 2488 Quaeve
1173 2422 1414 2487 parens
1460 2404 1654 2487 absit,
1698 2422 1910 2484 quove
1952 2405 2237 2486 petenda
2279 2403 2437 2471 loco.

686 2536 741 2575 ιι
773 2510 1148 2577 consulitur
1189 2510 1432 2593 Paean,
1479 2510 1901 2592 “divum”que
1945 2510 2293 2577 “arcessite
2337 2511 2638 2592 Matrem,
2638 2508 2673 2540 ”

864 2617 1090 2699 Inquit
1135 2616 1241 2683 “in
1284 2617 1482 2684 Idaeo
1527 2620 1630 2684 est
1672 2615 2065 2685 invenienda
2109 2615 2315 2699 iugol’

776 2724 1138 2790 Mittuntur
1179 2741 1494 2806 proceres.
1581 2723 1918 2806 Phrygiae
1964 2727 2123 2788 tunc
2166 2727 2427 2803 sceptra
2470 2723 2743 2788 tenebat

865 2829 1164 2896 Attalus:
1207 2830 1514 2896 Ausoniis
1559 2847 1696 2895 rem
1737 2832 1943 2911 negat
1987 2828 2102 2893 ille
2144 2827 2323 2894 vins.

781 2935 955 3000 Mira
1001 2951 1248 3001 canam.
1337 2936 1530 3017 longo
1575 2934 1848 3000 tremuit
1894 2951 2037 2998 cum
2081 2952 2407 3000 murmure
2452 2933 2665 3016 tellus,

692 3065 748 3105 ιο
866 3041 961 3107 Et
1004 3041 1102 3107 sic
1145 3045 1249 3107 est
1293 3040 1512 3122 adytis
1557 3040 1716 3107 diva
1757 3039 1981 3106 locuta
2024 3041 2184 3107 suis:

783 3147 972 3229 “Ipsa
1014 3145 1156 3229 peti
1200 3146 1396 3214 volui.
1485 3163 1570 3211 ne
1615 3145 1706 3211 sit
1749 3163 1949 3212 mora.
2038 3147 2232 3212 mitte
2275 3146 2621 3214 volentem.

868 3252 1126 3336 Dignus
1169 3251 1380 3318 Roma
1421 3251 1620 3335 locus,
1665 3269 1791 3332 quo
1838 3253 1996 3318 deus
2041 3252 2246 3319 omnis
2292 3251 2459 3318 eat.”

779 3359 904 3426 Ille
947 3359 1089 3426 soni
1133 3363 1385 3425 terrore
1427 3375 1679 3440 pavens
1724 3357 2217 3443 “proficiscere”
2262 3357 2433 3423 dixit

871 3466 1152 3532 “Nostra
1197 3465 1352 3531 eris:
1397 3464 1468 3530 in
1511 3463 1837 3547 Phrygios
1883 3463 2093 3530 Roma
2136 3463 2425 3530 refertur
2468 3461 2679 3532 avos)⁹

695 3595 750 3638 ιι
781 3571 1091 3637 Protinus
1134 3571 1512 3636 innumerae
1556 3572 1839 3636 caedunt
1884 3571 2113 3652 pineta
2156 3587 2415 3638 secures
2483 3603 2489 3610 ·

872 3677 1020 3761 Illa,
1065 3677 1300 3758 quibus
1345 3675 1604 3759 fugiens
1648 3676 1879 3758 Phryx
1922 3676 2069 3758 pius
2112 3693 2265 3742 usus
2319 3679 2482 3742 erat.

785 3783 970 3850 Mille
1013 3801 1244 3850 manus
1291 3786 1545 3866 coeunt,
1592 3785 1661 3847 et
1703 3783 1888 3864 picta
1932 3782 2255 3850 coloribus
2299 3783 2468 3850 ustis

879 3888 1246 3955 Caelestum
1290 3888 1573 3954 Matrem
1620 3905 1909 3954 concava
1951 3889 2187 3970 puppis
2229 3889 2449 3955 habet.

662 4043 897 4101 nod-1.
968 4044 1079 4098 Die
1113 4043 1270 4098 Mune
1316 4043 1490 4099 Erato
1535 4043 1764 4112 spricht,
1957 4044 2046 4099 15.
2117 4045 2319 4114 divum]
2395 4044 2527 4098 enit,
2563 4043 2707 4113 plur.

524 4113 738 4168 welche
769 4114 878 4169 den
913 4113 1154 4168 Dichter
1186 4113 1422 4168 belehrt.
2112 4115 2256 4184 peti]
2308 4131 2381 4185 ge
2422 4113 2505 4168 olt
2550 4113 2788 4168 werden.
2824 4141 2889 4152 —
2925 4109 3092 4180 mitte]

665 4183 724 4239 Β.
787 4184 1060 4320 portaret]
1097 4197 1166 4237 ve
1235 4181 1452 4237 flanzte.
1853 4182 1946 4236 lass
1955 4111 2110 4237 21'10112.

666 4253 725 4308 4.
795 4256 948 4308 sam-⁸⁰
946 4251 1118 4326 feras]
1218 4255 1270 4306 ie
1327 4251 1607 4322 Penaten,
1667 4251 1768 4305 das
1958 4251 2049 4308 24.
2122 4253 2250 4322 eris]
2296 4253 2372 4306 du
2419 4252 2573 4305 wirot
2616 4251 2857 4306 bleiben.
2908 4277 2977 4291 -—
3008 4264 3091 4304 re-

529 4321 848 4377 Palladium
899 4324 1015 4377 und
1062 4323 1163 4376 das
1215 4321 1528 4375 Herdfener
1581 4337 1765 4374 waren
1856 4319 2001 4388 fem
2056 4323 2243 4375 seinen
2267 4319 2565 4392 Ursprung
2596 4319 2988 4374 zuruckleiten.
3026 4349 3089 4359 -

530 4392 622 4447 die
654 4409 830 4458 sacra,
867 4393 958 4447 die
993 4393 1216 4446 Aeneas
1258 4390 1362 4444 auf
1397 4390 1522 4444 dem
1560 4389 1767 4444 Schiffe
1856 4406 1989 4445 avos
2045 4390 2269 4444 Abnen

527 4461 816 4516 mitnahm.
1959 4459 2052 4516 2⁰.
2122 4461 2283 4529 Phry
2176 4459 2336 4533 luo-yx]
2371 4459 2611 4516 Aeneas.

638 4531 766 4587 111.
815 4531 1066 4587 nahere-
1081 4531 1176 4586 bei
1193 4529 1390 4583 Livius
1406 4528 1608 4583 XXIX
1623 4528 1706 4595 10,
1720 4485 1769 4584 4.
1961 4529 2055 4586 28.
2127 4529 2434 4600 caelestum]
2469 4530 2715 4600 genitiv„
2734 4526 2878 4596 plur.
