3684 5275
654 429 778 496 118
1736 445 1973 500 Zweiter
2013 445 2160 500 Teii.

1614 675 1727 744 No.
1758 677 1854 748 52
1899 677 2012 762 (tr.
2059 679 2118 744 V
2153 679 2284 763 10).

1522 868 1694 936 Droi
1736 867 1964 938 Jahre
2007 870 2082 936 in
2129 869 2362 938 Toni.

924 1057 1017 1124 Ut
1062 1075 1283 1124 sumus
1324 1059 1395 1124 in
1438 1059 1670 1142 Ponto,
1715 1064 1823 1126 ter
1865 1059 2114 1143 frigore
2158 1061 2457 1128 constitit
2501 1062 2748 1144 Hister,

1012 1163 1227 1231 Facta
1271 1170 1374 1231 est
1418 1165 1664 1232 Euxini
1708 1167 1876 1232 dura
1919 1173 2026 1232 ter
2068 1169 2246 1234 unda
2288 1169 2504 1234 maris,

924 1270 1019 1336 At
1062 1271 1224 1336 mihi
1268 1271 1399 1338 iam
1444 1273 1674 1340 videor
1716 1273 1938 1356 patria
1981 1274 2205 1355 procul
2253 1291 2394 1340 esse
2437 1279 2542 1340 tot
2587 1275 2795 1355 annis5

1012 1375 1327 1444 Dardana
1372 1384 1533 1460 quot
1576 1379 1779 1446 Graio
1824 1379 2026 1445 Troia
2076 1380 2198 1446 sub
2243 1379 2433 1446 hoste
2477 1380 2623 1447 fuit.

866 1505 891 1546 ⁵
924 1483 1117 1550 Stare
1162 1489 1371 1568 putes,
1416 1485 1577 1552 adeo
1622 1487 1983 1568 procedunt.
2027 1491 2324 1568 tempora
2365 1489 2573 1570 tarde,

1016 1589 1110 1655 Et
1153 1592 1417 1674 peragit
1462 1592 1658 1659 lentis
1701 1592 2004 1674 passibus
2049 1611 2256 1659 annus
2300 1593 2447 1660 iter.

926 1696 1061 1762 Nec
1106 1697 1265 1762 mihi
1310 1697 1661 1765 solstitium
1710 1699 2054 1780 quicquam
2101 1700 2182 1765 de
2225 1701 2526 1766 noctibus
2573 1701 2811 1783 aufert,

1015 1801 1243 1869 Efficit
1289 1811 1602 1888 angustos
1646 1823 1769 1871 nec
1812 1804 1974 1870 mihi
2017 1807 2248 1872 bruma
2293 1807 2447 1873 dice.

927 1909 1194 1976 Scilicet
1236 1911 1305 1976 in
1349 1911 1537 1977 nobis
1581 1930 1797 1978 rerum
1843 1918 2083 1977 natura
2127 1918 2374 1980 novata
2419 1919 2538 1997 est,

842 2038 895 2078 ιο
1016 2015 1301 2097 Cumque
1344 2017 1503 2084 meis
1549 2017 1722 2084 curis
1768 2019 1986 2085 omnia
2032 2017 2229 2102 longa
2274 2019 2454 2086 facit.

930 2123 1036 2188 An
1081 2132 1409 2207 peragunt
1452 2125 1677 2191 solitos
1723 2125 2084 2192 communia
2127 2131 2423 2207 tempora
2466 2132 2696 2208 motuS‚

1019 2229 1315 2312 Suntque
1357 2231 1568 2314 magis
1612 2232 1795 2298 vitae
1842 2238 2140 2313 tempora
2185 2234 2349 2297 dura
2391 2250 2592 2316 meae,

930 2336 1133 2419 Quem
1179 2342 1365 2402 tenet
1410 2337 1654 2404 Euxini
1697 2340 1976 2405 mendax
2023 2339 2400 2420 cognomine
2443 2337 2620 2420 lituS,

1020 2443 1113 2510 Et
1158 2441 1451 2526 Scythici
1496 2463 1652 2512 vere
1696 2451 1881 2510 terra
1925 2443 2198 2510 sinistra
2242 2442 2443 2510 freti?

845 2577 897 2618 ιο
930 2549 1319 2616 Innumerae
1365 2550 1540 2618 circa
1584 2557 1813 2634 gentes
1859 2549 2005 2617 fera
2048 2549 2226 2616 bella
2270 2551 2620 2637 minantur,

1023 2657 1207 2741 Quae
1250 2658 1377 2725 sibi
1422 2677 1551 2724 non
1596 2664 1787 2739 rapto
1834 2658 2063 2725 vivere
2109 2663 2302 2740 turpe
2345 2665 2601 2740 putant.

934 2764 1044 2830 Nil
1091 2771 1283 2831 extra
1329 2770 1544 2831 tutum
1590 2770 1715 2831 est:
1762 2765 2052 2831 tumulus
2099 2764 2469 2832 defenditur
2513 2767 2654 2847 ipse

1022 2872 1362 2939 Moenibus
1409 2872 1662 2955 exiguis
1705 2871 2097 2955 ingenioque
2140 2872 2284 2939 loci.

936 2981 1093 3046 Cum
1139 2980 1401 3045 minime
1446 2980 1692 3061 credaS,
1738 2988 1811 3045 ut
1862 2978 2023 3062 avis,
2072 2978 2484 3047 densissimus
2529 2978 2734 3043 hostis

848 3110 902 3150 κο
1020 3086 1312 3154 Advolat
1358 3092 1427 3152 et
1470 3087 1781 3168 praedam
1826 3085 1944 3153 vix
1989 3086 2154 3151 bene
2199 3085 2379 3151 visus
2425 3084 2583 3166 agit.

937 3194 1145 3276 Saepe
1190 3193 1370 3259 intra
1411 3211 1629 3259 muros
1674 3192 1913 3258 clausis
1959 3192 2296 3259 venientia
2341 3190 2548 3271 portis

1026 3299 1158 3365 Per
1201 3300 1446 3367 medias
1490 3300 1766 3381 legimus
1812 3298 2010 3363 noxia
2055 3297 2192 3363 tela
2237 3298 2397 3363 vias.

938 3406 1064 3473 Est
1108 3408 1316 3491 igitur
1358 3425 1567 3487 rarus,
1612 3424 1725 3471 rus
1771 3405 1882 3486 qui
1929 3403 2140 3470 colere
2185 3404 2444 3485 audeat,
2489 3402 2673 3482 isque

1026 3514 1173 3581 Hac
1220 3520 1367 3580 arat
1410 3512 1659 3596 infelix,
1704 3513 1829 3577 hac
1873 3515 2060 3576 tenet
2105 3528 2286 3574 arma
2332 3527 2542 3574 manu.

851 3648 905 3689 ει.
936 3622 1072 3688 Sub
1117 3621 1311 3704 galea
1352 3625 1579 3702 pastor
1622 3618 1863 3685 iunctis
1910 3616 2056 3699 pice
2101 3621 2331 3682 cantat
2377 3615 2619 3698 aveniS‚

1029 3727 1288 3807 Proque
1331 3725 1483 3807 lupo
1530 3726 1810 3808 pavidae
1855 3722 2032 3789 bella
2076 3729 2390 3789 verentur
2435 3740 2606 3789 oveS.

814 3952 921 4009 No.
940 3952 1030 4009 52.
1086 3952 1143 4007 1.
1198 3948 1461 4023 constitit]
1480 3950 1551 4003 ist
1570 3948 1916 4020 zugefroren.
2108 3948 2200 4004 13.
2269 3946 2524 4017 mendax]
2574 3948 2698 4000 weil
2744 3964 2804 4000 er
2847 3946 2970 3999 dem
3007 3944 3244 3999 Dichter

810 4024 866 4077 4.
944 4022 1234 4077 Drm‘awb
1252 4018 1915 4091 MJWirumgekehrt:
2003 4016 2204 4082 ἄξενος
2235 4018 2323 4071 ist.

672 4093 770 4147 der
806 4091 984 4145 Feind
1019 4107 1119 4146 vor
1153 4090 1260 4145 den
1298 4090 1529 4143 Mauern
1566 4088 1786 4159 Trojas.
2108 4114 2198 4169 13·
2269 4119 2435 4183 rapto
2496 4112 2973 4182 (mbsmfiviseh)
3046 4112 3245 4180 vivere]

810 4164 868 4219 5.
938 4162 1109 4231 stare]
1145 4159 1259 4213 still
1295 4159 1508 4215 steheu.
2004 4199 2129 4237 vom
2163 4181 2362 4237 &ube
2398 4183 2580 4237 leben·

816 4234 869 4287 7.
938 4226 1242 4303 solstitium]
1281 4227 1390 4283 das
1416 4227 1508 4282 die
1531 4226 1916 4282 sommerliche

674 4299 1086 4355 Sonnenwende
1186 4300 1393 4353 emeint
1450 4298 1549 4365 ist,
1610 4296 1761 4351 lehrt
1818 4296 1919 4349 der
2109 4279 2199 4335 17·
2271 4279 2450 4347 ⁶mm]
2486 4278 2726 4332 danum·

674 4368 991 4441 Gegenntz
1026 4386 1096 4423 nu
1132 4316 1210 4424 'g-
1234 4368 1284 4422 8.
2108 4365 2198 4421 18.
2269 4367 2549 4435 ingenium
2569 4366 2702 4431 (von
2725 4364 2782 4417 in
2807 4363 2923 4417 und
2944 4376 3151 4433 genere
3171 4386 3246 4409 =

783 4440 842 4495 11
858 4440 908 4496 f.
975 4438 1139 4495 sinn:
1176 4438 1315 4511 geht
1337 4438 1483 4493 donn
1508 4436 1598 4492 die
1624 4434 1749 4491 Zeit
1770 4435 1916 4489 noch
2045 4434 2059 4449 '
2141 4452 2236 4490 ere
2307 4435 2383 4488 ist
2435 4432 2702 4487 zuniichst
2757 4434 2848 4488 die
2901 4432 3246 4497 ,natiirliehe

674 4508 833 4563 ihren
888 4507 1217 4580 gewohnten
1266 4506 1434 4582 Gang
1486 4508 1621 4563 oder
1667 4506 1918 4561 verrinnt
2113 4504 2187 4559 ch
2265 4503 2508 4571 enheit⁸,
2533 4503 2657 4557 hier
2677 4502 2793 4557 also
2811 4501 3099 4556 vielleicht
3121 4518 3244 4572 ,ge-

675 4580 751 4633 nie
790 4596 893 4633 nur
922 4578 1014 4632 fflr
1036 4578 1184 4634 mich
1212 4596 1271 4635 so
1295 4578 1597 4633 unendlich
1622 4574 1915 4648 lang-sam?
2001 4574 2256 4629 schfltzte
2290 4574 2500 4645 Lage⁸.
