3684 5275
1528 440 1728 516 Nos-14
1763 441 1856 508 (tr.
1891 439 1984 494 111
2009 440 2114 508 13).

798 619 1105 704 Quisquis
1148 619 1208 686 is
1252 622 1381 702 est,·
1416 617 1683 684 memori
1726 634 2052 682 rumorem
2095 632 2254 683 voce
2301 615 2548 682 referre

888 726 983 792 Et
1026 725 1168 792 fieri
1211 723 1429 790 famae
1472 741 1754 807 parsque
1798 723 2170 806 gradusque
2216 727 2451 804 potest.

710 859 767 899 46
797 833 883 916 Is,
928 851 1172 917 precor,
1217 831 1483 898 auditos
1526 829 1736 911 possit
1777 847 2052 895 narrare
2097 828 2462 912 triumphos

888 938 1188 1006 Caesaris
1234 944 1305 1004 et
1346 937 1547 1004 Latio
1591 936 1855 1004 reddita
1898 941 2060 1003 vota
2101 935 2268 1018 Iovi,

799 1047 1037 1128 Teque,
1080 1044 1489 1127 rebellatrix,
1530 1043 1814 1126 tandem,
1861 1042 2232 1125 Germania,
2277 1041 2498 1125 magni

886 1153 1108 1218 Triste
1154 1155 1354 1233 caput
1396 1150 1673 1232 pedibus
1718 1149 2130 1231 supposuisse
2174 1149 2375 1216 ducis.

796 1259 981 1324 Haec
1025 1257 1187 1324 mihi
1232 1256 1343 1338 qui
1388 1254 1652 1338 referet,
1700 1273 1868 1337 quae
1912 1274 2042 1323 non
2085 1255 2328 1322 vidisse
2375 1255 2622 1336 doleb0‚

710 1393 765 1432 5⁰
884 1365 1009 1431 Ille
1053 1383 1239 1433 meae
1282 1363 1499 1430 domui
1544 1363 1843 1446 protinus
1887 1363 2120 1444 hospes
2165 1361 2310 1428 erit.

798 1472 883 1538 Ei
928 1471 1111 1536 mihi!
1186 1471 1405 1536 iamne
1449 1471 1673 1536 domus
1717 1468 2024 1552 Scythico
2069 1469 2350 1534 Nasonis
2393 1468 2464 1534 in
2510 1468 2668 1534 orbe
2713 1473 2834 1551 est,

889 1579 1157 1659 Iamque
1202 1595 1385 1644 suum
1432 1577 1593 1642 mihi
1636 1577 1754 1642 dat
1798 1594 1916 1658 pro
1962 1575 2104 1641 lare
2147 1593 2358 1656 poena
2401 1573 2654 1642 locum?

798 1685 885 1750 Di
930 1683 1151 1768 facite,
1197 1689 1273 1750 ut
1319 1683 1563 1750 Caesar
1604 1701 1735 1750 non
1777 1683 1888 1748 hic
1931 1682 2270 1765 penetrale
2317 1682 2716 1761 domumque,

888 1790 1258 1872 Hospitium
1303 1808 1550 1871 poenae
1596 1791 1713 1856 sed
1755 1788 1924 1856 velit
1967 1807 2108 1855 esse
2151 1789 2358 1854 meae!

1453 2028 1567 2097 No.
1598 2026 1702 2095 44
1749 2025 1862 2112 (tr.
1908 2026 2016 2091 m
2051 2025 2176 2110 13).

1111 2183 1254 2252 Des
1298 2182 1638 2251 Dichters
1682 2181 2128 2264 Geburtstag
2171 2181 2250 2248 in
2295 2181 2526 2251 Tomi.

798 2340 971 2407 Ecce
1016 2360 1458 2424 supervacuus
1488 2378 1577 2388 —
1619 2340 1775 2423 quid
1821 2341 1992 2406 enim
2038 2339 2169 2406 fuit
2215 2339 2380 2405 utile
2423 2337 2650 2422 gigni?
2697 2375 2784 2384 —

888 2449 994 2514 Ad
1040 2467 1158 2514 sua
1202 2447 1463 2514 Natalis
1507 2454 1805 2530 tempora
1851 2453 2075 2514 noster
2121 2447 2324 2513 adest.

656 2556 672 2571 ‘
797 2554 996 2639 Dure,
1041 2554 1198 2635 quid
1242 2556 1329 2620 ad
1372 2555 1641 2622 miseros
1666 2547 2004 2621 'veniebas
2047 2553 2258 2620 exulis
2303 2551 2548 2618 annos?

885 2662 1225 2728 Debueras
1270 2660 1406 2728 illis
1450 2662 1811 2743 inposuisse
1857 2663 2128 2727 modum.

739 2794 764 2831 ε,
798 2768 866 2833 Si
913 2768 1039 2833 tibi
1086 2786 1244 2833 cura
1289 2768 1433 2851 mei,
1477 2767 1585 2835 vel
1632 2769 1688 2833 si
1734 2769 1944 2849 pudor
1988 2767 2160 2832 ullus
2203 2766 2467 2847 inesset,

886 2874 1029 2937 Non
1074 2873 1257 2939 ultra
1298 2874 1587 2955 patriam
1630 2891 1734 2939 me
1778 2890 2126 2954 sequerere
2169 2889 2396 2952 meam,

800 2977 1069 3061 Quoque
1114 2979 1255 3045 loco
1300 2980 1577 3061 primum
1622 2980 1749 3045 tibi
1794 2997 1938 3045 sum
1983 2979 2152 3044 male
2197 2977 2496 3061 cognitus
2540 2975 2775 3059 infans5

886 3084 1010 3151 1110
1055 3089 1445 3168 temptasses
1488 3085 1756 3152 ultimus
1803 3104 1946 3151 esse
1989 3084 2165 3168 mihi,

796 3192 1004 3273 Inque
1047 3192 1489 3276 relinquendo,
1535 3194 1705 3274 quod
1747 3192 1921 3258 idem
1965 3191 2180 3258 fecere
2225 3190 2496 3273 sodaleS,

712 3321 765 3360 ιο
884 3299 985 3365 'Pu
1032 3317 1285 3381 quoque
1329 3300 1605 3365 dixisses
1648 3299 1863 3365 tristis
1906 3299 1977 3363 in
2022 3299 2204 3366 Urbe
2247 3297 2414 3365 vale.

798 3403 967 3488 Quid
1014 3406 1138 3471 tibi
1184 3423 1329 3472 cum
1373 3404 1631 3473 Ponto?
1705 3424 1859 3471 num
1905 3410 1974 3471 te
2021 3422 2274 3486 quoque
2321 3403 2620 3471 Caesaris
2665 3404 2766 3469 ira

885 3514 1266 3579 Extremam
1312 3512 1514 3596 gelidi
1556 3511 1737 3579 misit
1779 3512 1851 3577 in
1895 3512 2072 3580 orbis
2116 3510 2421 3578 humum?

796 3618 1064 3685 Scilicet
1106 3622 1416 3700 expectas
1460 3618 1725 3685 solitum
1769 3619 1898 3684 tibi
1941 3618 2138 3685 moris
2181 3618 2508 3699 honorem,

885 3725 1181 3791 Pendeat
1228 3742 1327 3791 ex.
1353 3725 1594 3791 umeris
1638 3726 1848 3791 vestis
1890 3730 1969 3790 ut
2013 3724 2167 3790 alba
2212 3724 2388 3807 meis,

2977 441 3096 507 101

635 3950 725 4005 44.
792 3950 1025 4021 aradus]
1060 3949 1236 4003 durch
1285 3949 1403 4019 die,
1453 3948 1662 4003 welche
1712 3966 1769 4003 es
1995 3950 2086 4006 52.
2147 3964 2258 4019 pro
2316 3950 2454 4019 lare]
2518 3948 2600 4004 als
2661 3949 3094 4005 bleibenden

534 4018 861 4086 vel-breiten,
898 4019 1164 4073 schreitet
1188 4020 1275 4072 oin
1301 4017 1555 4074 Geruoht
1576 4020 1771 4073 weiter

531 4086 658 4141 fort.

1860 4016 2151 4072 Wohnsitz
2209 4017 2287 4072 im
2346 4018 2660 4091 Gegensatz
2721 4037 2792 4073 zu
2850 4020 2950 4074 der
3018 4021 3094 4073 im

1855 4088 2059 4143 Ietzten
2077 4088 2374 4143 Distiehon
2399 4090 2922 4173 ausgaproehenen
2939 4088 3094 4144 Hoff-

636 4158 726 4213 46.
792 4158 1067 4229 Caesam]
1084 4157 1182 4212 de·
1192 4155 1429 4213 Prinzen
1446 4158 1767 4227 (Tiberius).
1856 4174 2026 4230 ming,
2050 4158 2381 4230 wenigutens
2403 4158 2460 4211 in
2481 4175 2607 4214 eine
2621 4159 2840 4214 bessere
2859 4158 3093 4230 Gegend

534 4225 643 4281 Die
665 4226 997 4311 Niederlage
1030 4228 1090 4282 in
1125 4226 1275 4281 saltu
1297 4226 1769 4299 Teutoburgiensi
1856 4234 2094 4282 versetzt
2127 4246 2198 4283 zu
2233 4227 2470 4283 werden.

532 4294 723 4351 harrte
757 4297 900 4353 noch
934 4299 1086 4352 ihrer
1120 4296 1326 4352 smine.
1857 4344 1862 4349 .
1996 4298 2102 4353 No.
2139 4297 2232 4353 44.
2301 4299 2358 4354 2.
2429 4299 2506 4353 ad
2552 4314 2659 4353 sua
2711 4299 2973 4369 tempora]
3025 4315 3093 4351 zu

634 4366 725 4424 40.

798 4367 1023 4437 υἰᾱίεεο]
1056 4365 1303 4421 υέιιιΗοΙι
1338 4364 1443 4421 den
1472 4366 1769 4437 Triumph‚
1857 4367 2037 4421 neiner
2061 4366 2184 4421 Zeit
2219 4367 2294 4435 (d.
2320 4368 2376 4422 h.
2413 4367 2554 4423 eben
2579 4384 2669 4423 am
2695 4366 3092 4438 Geburtstage)

532 4434 639 4487 deu
687 4453 817 4491 man
864 4437 922 4489 in
956 4436 1098 4491 Rom
1145 4434 1386 4509 gefeiert
1430 4436 1557 4499 hat,
1610 4454 1769 4493 weun
1857 4436 2011 4489 stellt
2031 4436 2150 4489 sich
2177 4434 2276 4490 der
2295 4436 2505 4492 Genius
2522 4438 2732 4492 meiner
2750 4436 2970 4491 Geburt
2983 4440 3094 4493 ein.

532 4503 629 4558 des
688 4504 949 4559 Dichters
1010 4504 1298 4561 Wunnche
1356 4505 1469 4557 und
1530 4504 1766 4565 Voraus-
1996 4506 2031 4561 5
2117 4506 2324 4576 pudor]
2359 4506 2690 4561 Riickuicht.

531 4580 829 4645 setzungen
868 4573 1063 4629 erfiillt
1095 4575 1236 4629 sind.

1964 4542 2055 4631 101
2127 4574 2267 4644 vate]
2304 4576 2413 4647 vgl.
2457 4593 2526 4631 zu
2561 4576 2664 4630 No.
2692 4574 2778 4642 38,
2803 4576 2888 4630 ss.
2971 4575 2980 4585 ’
