3684 5275
1528 439 1629 494 No.
1654 441 1725 494 50
1760 444 1850 509 (tr.
1889 441 1943 496 V
1968 441 2040 509 3).
2950 443 3102 509 113'

860 613 1193 680 Curriculo
1238 616 1465 699 gravis
1510 620 1614 681 est
1656 615 1841 681 facta
1885 616 2077 682 ruina
2122 636 2280 683 meo.

770 720 948 803 Ergo
993 721 1177 787 illum
1225 724 1483 789 demens
1529 721 1597 788 in
1641 740 1745 788 me
1789 723 2050 789 saevire
2095 724 2295 806 coegi,

858 827 1088 893 Mitius
1133 828 1463 895 inmensus
1508 847 1633 910 quo
1678 828 1842 894 nihil
1891 829 2069 894 orbis
2114 830 2358 896 habet?

770 933 1051 1014 Ipsaque
1096 934 1353 1001 delictis
1399 936 1583 1002 victa
1635 939 1738 1001 est
1782 934 2130 1002 clementia
2174 937 2433 1019 nostriS,

680 1063 736 1100 40
856 1039 990 1105 Nec
1035 1046 1255 1107 tamen
1304 1041 1510 1107 errori
1555 1041 1701 1108 vita
1743 1047 1992 1124 negata
2037 1059 2176 1108 meo
2223 1041 2366 1108 est?

769 1145 930 1210 Vita
973 1147 1199 1228 procul
1244 1147 1467 1229 patria
1512 1149 1888 1231 peragenda
1933 1149 2054 1214 sub
2102 1167 2226 1214 axe
2269 1150 2481 1233 bore0,

856 1252 1003 1336 Qua
1046 1253 1246 1318 maris
1291 1254 1538 1319 Euxini
1581 1259 1765 1320 terra
1808 1254 2081 1320 sinistra
2125 1255 2343 1321 iacet?

767 1358 909 1423 Hoc
953 1359 1114 1424 mihi
1158 1359 1217 1425 si
1260 1359 1501 1440 Delphi
1544 1360 1948 1441 Dodonaque
1991 1362 2239 1428 diceret
2283 1362 2445 1444 ipsa,

856 1465 1020 1531 Esse
1064 1465 1403 1533 videretur
1447 1485 1657 1533 vanus
1703 1471 1979 1548 uterque
2024 1466 2218 1534 locus

678 1593 733 1631 45
766 1570 875 1635 Nil
922 1573 1083 1637 adeo
1130 1571 1421 1638 validum
1467 1578 1587 1654 est,
1634 1575 1904 1639 adamas
1945 1573 2106 1639 licet
2151 1573 2384 1656 alliget
2427 1573 2608 1656 illud,

856 1677 953 1744 Ut
996 1683 1261 1744 maneat
1305 1679 1534 1761 rapido
1580 1679 1825 1745 firmius
1871 1679 2024 1762 igne
2069 1679 2271 1761 Iovis;

770 1784 879 1849 Nil
925 1785 1027 1852 ita
1070 1786 1344 1852 sublime
1390 1791 1494 1852 est
1538 1804 1864 1868 supraque
1908 1786 2201 1869 pericula
2244 1786 2477 1869 tendit,

859 1891 1003 1957 Non
1050 1891 1140 1958 sit
1183 1897 1261 1958 ut
1304 1891 1583 1959 inferius
1628 1893 2162 1975 suppositumque
2207 1895 2343 1959 deo.

772 1997 935 2062 Nam
982 2017 1371 2080 quamquam
1416 1999 1583 2066 vitio
1630 2017 1785 2081 pars
1830 2004 1935 2065 est
1979 2003 2322 2065 contracta
2366 1999 2700 2081 malorum,

682 2129 737 2166 50
856 2104 1015 2170 Plus
1062 2109 1281 2172 tamen
1328 2105 1517 2172 exitii
1562 2105 1845 2171 numinis
1889 2105 1994 2171 ira
2040 2106 2238 2171 dedit.

770 2211 865 2275 At
908 2229 1024 2278 vos
1071 2211 1387 2278 admoniti
1430 2212 1673 2279 nostris
1719 2229 1972 2292 quoque
2018 2212 2277 2278 casibus
2324 2217 2480 2296 este,

860 2320 1270 2399 Aequantem
1317 2336 1583 2400 superos
1628 2318 1977 2384 emeruisse
2022 2318 2260 2384 virum!

1477 2523 1591 2592 No.
1624 2523 1715 2592 5⁰
1764 2521 1875 2605 (tr.
1923 2521 1981 2586 V
2016 2520 2104 2606 3).

1260 2680 1401 2746 Des
1445 2679 1786 2746 Dichters
1830 2677 2323 2746 Bacchusfest.

770 2836 899 2901 Illa
944 2837 1083 2902 dies
1127 2836 1290 2901 haec
1335 2840 1454 2919 est,
1501 2854 1632 2916 qua
1675 2842 1745 2901 te
1791 2835 2124 2902 celebrare
2168 2840 2420 2918 poetae,

859 2942 929 3009 Si
974 2944 1161 3008 modo
1207 2959 1335 3008 non
1382 2941 1626 3008 fallunt
1672 2948 1986 3024 tempora,
2032 2942 2306 3024 Bacche,
2351 2942 2580 3025 solent,

768 3049 1100 3129 Festaque
1145 3049 1433 3116 odoratis
1474 3048 1822 3115 innectunt
1866 3054 2164 3130 tempora
2207 3048 2419 3130 sertiS,

858 3156 952 3221 Et
996 3156 1226 3221 dicunt
1268 3154 1497 3221 laudes
1541 3156 1627 3220 ad
1671 3160 1789 3221 tua
1833 3155 1994 3221 vina
2037 3159 2204 3220 tuas.

711 3290 735 3327 5
768 3263 952 3328 Inter
997 3280 1175 3345 quos,
1221 3262 1499 3345 memini,
1546 3263 1697 3330 dum
1742 3278 1843 3327 me
1889 3279 2036 3327 mea
2079 3260 2227 3326 fata
2270 3261 2592 3342 sinebant,

856 3370 1001 3435 Non
1045 3368 1264 3436 invisa
1307 3368 1434 3434 tibi
1476 3386 1633 3450 pars
1677 3385 1799 3450 ego
1845 3386 2042 3450 saepe
2086 3366 2203 3451 fui,

770 3474 972 3557 Quem
1017 3494 1189 3541 nunc
1232 3475 1635 3557 suppositum
1682 3474 1894 3540 stellis
1940 3473 2372 3556 Cynosuridos
2419 3464 2656 3539 Ursae'

858 3580 1093 3647 Iuncta
1138 3587 1324 3647 tenet
1368 3582 1585 3647 crudis
1628 3581 1950 3647 Sarmatis
1997 3598 2113 3645 ora
2160 3579 2365 3645 Getis.

770 3687 1023 3770 Quique
1067 3687 1249 3769 prius
1294 3688 1548 3754 mollem
1594 3703 1997 3766 vacuamque
2041 3685 2376 3751 laboribus
2422 3686 2528 3770 egi

681 3818 735 3857 ιο
854 3793 933 3858 In
980 3795 1216 3860 studiis
1260 3795 1469 3862 vitam
1515 3794 1975 3872 Pieridumque
2021 3793 2234 3875 choro,

607 3949 697 4004 37.
771 3950 941 4018 illum]
981 3950 1280 4029 Augustus.
1973 3948 2079 4003 No.
2115 3949 2206 4003 50.
2267 3948 2430 4000 Anch
2468 3947 2559 4019 du,
2597 3946 2870 4015 Bacchus,
2907 3954 3076 4001 varst

607 4018 697 4074 41.
768 4020 891 4088 axe]
928 4018 1175 4073 niimlich
1211 4020 1371 4089 caeli,
1412 4017 1592 4072 durch
1626 4017 1741 4071 Me·
1831 4017 2000 4088 lange
2037 4017 2328 4085 verbannt‚
2365 4017 2533 4088 bring
2567 4016 2644 4069 du
2678 4018 2785 4070 mir
2819 4016 2991 4071 Hilfo.

504 4089 749 4156 ¹⁰⁰7¹¹³³⁸
784 4089 876 4141 ffi‘
914 4088 1143 4171 ⁰⁸0¹9m·
1428 4160 1455 4173 ..
1533 4157 1546 4171 .
1973 4116 2026 4168 1.
2099 4114 2236 4182 aies]
2274 4112 2520 4167 namnet:
2556 4113 2655 4165 der
2683 4112 2765 4167 17.
2791 4112 2962 4179 Mam,
3001 4129 3070 4166 an

607 4156 697 4213 44·
770 4160 965 4228 mmm]
1003 4158 1161 4211 ⁰¹⁰¹st
1233 4158 1604 4228 lanbwurfflg·
1830 4183 1956 4235 dem
2017 4184 2074 4236 in
2134 4182 2279 4236 Rom
2339 4182 2430 4236 die
2491 4182 2780 4237 Liberalia
2839 4181 3075 4253 gefeiert

607 4227 697 4283 45.
770 4229 1003 4282 adamas
1038 4258 1106 4267 —-
1144 4228 1189 4280 iz
1212 4244 1247 4280 u
1382 4236 1553 4281 esetzt
1577 4227 1741 4293 auch,

504 4293 611 4347 dae
648 4299 747 4351 der
783 4297 1027 4351 hin-teste
1064 4296 1225 4351 stam
1251 4228 1320 4349 (ἒς
1342 4246 1651 4349 fromunde.
1828 4253 2070 4307 Wmden·
2143 4252 2274 4323 Vg¹·
2311 4252 2413 4307 ΝΟ·
2439 4252 2562 4362 25·,,

608 4366 698 4422 40.
772 4368 926 4436 vitio]
963 4366 1142 4420 durch
1166 4368 1313 4419 mein
1341 4365 1741 4419 Verschulden.
1968 4349 2027 4404 ⁸·
2099 4348 2361 4417 thO'ss]
2397 4346 2678 4402 sema-fen·

606 4436 698 4491 52.
770 4452 1001 4490 merere
1048 4436 1304 4507 aliquem]
1354 4436 1475 4487 sich
1524 4452 1618 4488 um
1661 4437 1743 4505 je·
1971 4436 2026 4491 6.
2099 4450 2212 4489 mm
2261 4436 2466 4503 invisa]
2515 4433 2670 4487 nicht
2719 4448 2934 4505 unget-n
2981 4450 3071 4504 ge-

504 4505 743 4625 mangen
762 4505 1014 4558 verdient
1038 4504 1291 4571 macheu,
1316 4506 1435 4557 sich
1455 4505 1745 4574 jemandes
1832 4504 2020 4573 sehen,
2056 4504 2446 4557 willkommen.

506 4580 623 4624 wur
661 4575 721 4645 ig
754 4575 965 4644 zeigen.

596 4678 832 4725 Brandt,
860 4677 1131 4718 Leno-tuobe
1159 4689 1240 4718 aa·
1269 4678 1399 4717 Ovid.
2686 4658 2719 4711 8
2743 4732 2750 4739 ι
