3684 5275
604 367 735 436 130
1673 379 1914 436 Zweiter
1955 381 2102 438 Ten.

956 543 1291 610 Auxilium
1336 544 1580 611 nostris
1625 561 1935 627 spemque
1978 545 2192 612 tulere
2235 544 2444 612 malis.

805 674 832 715 ο
860 649 1085 732 thue
1128 650 1537 718 Machaoniis
1582 651 1939 718 Poeantius
1982 651 2240 718 artibus
2283 651 2475 718 heros

951 755 1189 823 Lenito
1233 757 1549 824 medicam
1594 755 1867 836 vulnere
1909 757 2119 824 sensit
2163 775 2367 840 opem,

864 863 975 930 Sic
1020 880 1142 946 ego
1184 872 1403 930 mente
1447 863 1669 928 iacens
1714 867 1786 928 et
1831 865 2068 930 acerbo
2113 863 2374 930 saucius
2419 864 2558 930 ictu

952 968 1308 1036 Admonitu
1354 969 1538 1051 coepi
1581 968 1819 1036 fortior
1865 987 2006 1036 esse
2049 974 2192 1036 tuo:

862 1075 957 1143 Et
1000 1075 1131 1142 iam
1176 1075 1479 1142 deficiens
1524 1075 1620 1142 sic
1664 1077 1751 1142 ad
1795 1081 1915 1142 tua
1959 1076 2170 1143 verba
2212 1075 2443 1159 revixi,

776 1207 831 1249 ιο
949 1182 1044 1250 Ut
1088 1181 1257 1249 solet
1298 1181 1515 1249 infuso
1561 1200 1736 1250 vena
1781 1182 1998 1249 redire
2040 1199 2236 1249 mero.

866 1288 1012 1355 Non
1057 1294 1277 1355 tamen
1323 1289 1624 1356 exhibuit
1667 1293 1896 1355 tantas
1939 1288 2250 1355 facundia
2295 1289 2490 1373 vires,

952 1395 1047 1463 Ut
1089 1413 1239 1461 mea
1281 1397 1417 1461 sint
1460 1397 1659 1463 dictis
1702 1399 1972 1478 pectora
2016 1413 2181 1462 sana
2224 1395 2376 1462 tuis,

863 1501 959 1568 Ut
1002 1499 1278 1583 multum
1324 1503 1545 1569 demas
1588 1508 1855 1570 nostrae
1899 1505 1982 1570 de
2025 1503 2292 1588 gurgite
2337 1519 2552 1584 curae,

952 1606 1098 1673 Non
1141 1607 1353 1674 minus
1398 1610 1720 1676 exhausto
1766 1611 1940 1691 quod
1983 1610 2340 1694 superabit,
2387 1609 2532 1675 erit.

775 1739 830 1780 ιο
860 1714 1180 1796 Tempore
1225 1715 1500 1782 ducetur
1542 1715 1735 1800 longo
1780 1715 2064 1783 fortasse
2107 1716 2412 1797 cicatrix;

952 1820 1244 1887 Horrent
1288 1823 1583 1888 admotas
1627 1823 1905 1890 vulnera
1950 1823 2154 1889 cruda
2195 1838 2442 1887 manus,

862 1926 1009 1993 Non
1054 1932 1159 1994 est
1201 1927 1272 1993 in
1316 1928 1563 1994 medico
1608 1946 1879 2012 semper,
1925 1928 2258 1995 relevetur
2301 1932 2379 1994 ut
2425 1945 2640 2010 aeger.

952 2034 1291 2100 Interdum
1336 2035 1533 2100 docta
1575 2035 1721 2117 plus
1764 2033 1948 2102 valet
1995 2037 2141 2099 arte
2184 2033 2444 2100 malum.

865 2139 1109 2223 Cernis,
1157 2145 1234 2206 ut
1277 2159 1316 2207 e
1360 2141 1541 2207 molli
1584 2140 1852 2224 sang-uis
1896 2140 2198 2222 pulmone
2243 2140 2550 2206 remissus

775 2272 831 2312 20
952 2245 1059 2311 Ad
1103 2245 1375 2328 Stygias
1420 2251 1599 2313 certo
1644 2245 1856 2312 limite
1900 2248 2100 2313 ducat
2146 2264 2369 2327 aquas.

865 2352 1128 2419 Afferat
1170 2351 1313 2434 ipse
1356 2352 1514 2419 licet
1557 2370 1779 2418 sacras
1824 2352 2223 2435 Epidaurius
2267 2351 2524 2431 herbaS,

955 2458 1235 2524 Sanabit
1276 2457 1461 2525 nulla
1506 2457 1781 2524 vulnera
1826 2458 2038 2524 cordis
2083 2476 2222 2540 ope.

866 2563 1125 2630 Tollere
1167 2564 1474 2630 nodosam
1521 2565 1733 2630 nescit
1776 2564 2102 2630 medicina
2145 2566 2518 2649 podagram,

954 2671 1091 2737 Nec
1134 2671 1506 2739 formidatis
1550 2672 1917 2737 auxiliatur
1961 2672 2167 2752 aquis.

777 2802 832 2843 ιο
864 2778 1037 2845 Cura
1081 2797 1335 2860 quoque
1378 2778 1706 2844 interdum
1750 2778 1938 2844 nulla
1981 2778 2386 2845 medicabilis
2431 2782 2595 2861 arte,
2641 2816 2730 2825 —-

953 2885 1109 2969 Aut,
1154 2890 1233 2951 ut
1273 2885 1383 2968 sit,
1429 2886 1626 2968 longa
1670 2888 1773 2951 aet
1817 2886 2238 2952 extenuanda
2280 2903 2481 2952 mora.

868 2990 1026 3056 Cum
1070 2990 1237 3057 bene
1280 2990 1627 3057 firmarunt
1671 2992 1956 3057 animum
2002 2996 2360 3073 praecepta
2405 2992 2745 3074 iacentem,

955 3097 1359 3179 Sumptaque
1400 3102 1558 3164 sunt
1600 3098 1790 3164 nobis
1835 3098 2120 3179 pectoris
2165 3115 2350 3163 arma
2394 3098 2515 3180 tui,

866 3202 1116 3270 Rursus
1162 3222 1345 3271 amor
1388 3204 1648 3285 patriae
1692 3204 1952 3270 ratione
1997 3203 2328 3270 valentior
2371 3204 2543 3271 omni

778 3335 834 3376 ao
953 3309 1141 3394 Quod
1182 3314 1303 3376 tua
1347 3310 1645 3376 fecerunt
1690 3309 1956 3393 scripta,
2003 3310 2250 3376 retexit
2295 3328 2473 3391 opus,

867 3415 1024 3484 Sive
1067 3414 1245 3497 piu‘m
1292 3416 1395 3485 vis
1438 3415 1579 3501 hoc,
1624 3416 1769 3483 sive
1811 3417 1938 3484 hoc
1979 3416 2297 3483 muliebre
2340 3417 2586 3501 vocari,

957 3520 1282 3588 Confiteor
1324 3523 1558 3589 misero
1603 3522 1798 3589 molle
1843 3541 1958 3589 cor
2001 3542 2143 3590 esse
2185 3523 2365 3589 mihi.

867 3628 1013 3695 Non
1058 3628 1259 3694 dubia
1303 3634 1407 3695 est
1451 3629 1670 3695 Ithaci
1714 3629 2091 3711 prudentia:
2137 3630 2251 3696 sed
2297 3635 2520 3696 tamen
2568 3636 2756 3711 optat

782 3903 801 3924 .
873 3870 1059 3925 iacens
1112 3870 1646 3943 darniederliegend.
2037 3870 2128 3926 80.
2199 3874 2399 3927 retexit
2457 3872 2613 3942 opus]
2677 3888 2832 3925 wenn
2891 3889 3022 3927 man
3082 3872 3174 3927 ein

709 3939 799 3994 10.
870 3954 1009 3993 vena
1112 3939 1454 3995 ebensksaft.
1932 3939 2178 3995 Gewebe
2201 3940 2406 3994 wieder
2429 3940 2759 3994 austrennen
2788 3942 2935 4007 muss‚
2973 3944 3048 3996 ist
3082 3942 3173 3996 die

708 4008 798 4064 11.
872 4009 1005 4063 exhi
1037 4010 1137 4079 uit]
1166 4009 1267 4063 hat
1292 4009 1548 4074 berrii-kt,
1584 4010 1688 4064 hat
1722 4026 1845 4063 aus·
1931 4009 2139 4063 Arbeit
2173 4024 2268 4062 ver
2309 4008 2497 4063 eblich
2529 4024 2798 4082 gewesen.
2865 4010 3064 4065 Denke
3101 4027 3172 4065 an

604 4077 803 4149 geliist.
1932 4078 2023 4132 die
2048 4077 2291 4133 Geschic
2335 4085 2390 4132 te
2425 4096 2533 4133 von
2557 4080 2656 4133 der
2680 4077 2963 4151 Penelope
2988 4080 3170 4149 (Hom.

712 4148 803 4204 18.
874 4148 957 4217 ut]
991 4148 1289 4202 konzessiv.
1933 4145 2037 4202 od.
2075 4146 2134 4201 11
2160 4146 2444 4217 96—110).

711 4218 800 4273 15.
872 4218 1101 4271 ducetur
1155 4217 1294 4272 vird
1328 4218 1449 4273 sich
1485 4218 1694 4272 bilden.
2036 4218 2128 4273 33.
2198 4217 2550 4290 Auspielung
2609 4234 2680 4271 an
2741 4218 2832 4273 die
2895 4218 3174 4274 herrliche

708 4286 800 4342 24.
871 4288 1035 4354 aquic
1093 4288 1399 4359 ormidatis]
1428 4286 1845 4342 Wasscrscheu.
1933 4286 2103 4341 Stelle
2161 4288 2217 4341 in
2279 4288 2381 4343 der
2425 4287 2672 4356 Odyssee
2719 4286 2774 4356 (Ι
2815 4290 2934 4355 57):
2993 4286 3171 4355 αὐτὰρ

708 4355 800 4412 26.
870 4362 933 4411 ut
970 4356 1298 4427 (konsessiv)
1334 4359 1429 4428 sit]
1464 4356 1708 4411 niimlich
1732 4374 1843 4411 me·
1926 4352 2223 4419 Ὀδυσσεὺς
2257 4354 2474 4426 ἱέμενος
2505 4356 2604 4409 καὶ
2626 4354 2849 4413 κώπνον
2871 4358 3174 4426 ἀποθρώσ-

603 4426 880 4480 dicabilis.
1933 4444 2107 4480 κοντα
2130 4433 2333 4497 νοῆσαι
2353 4422 2422 4493 ἧς
2443 4423 2608 4497 γαίης
2627 4424 2864 4482 θανέειν
2889 4424 3174 4497 ἱμείρεται.

708 4494 800 4552 27.
863 4490 1182 4568 praecepta]
1219 4496 1315 4550 des
1350 4495 1601 4550 Rufinus.
