3684 5275
1444 426 1546 482 No.
1572 428 1607 482 9
1643 428 1756 497 (ΠΙ
1783 429 2027 499 11-70).
2936 432 3019 496 27

719 600 814 667 Et
856 603 1172 684 gravibus
1215 604 1413 669 ramis
1457 607 1667 670 totum
1711 609 2093 685 protexerat
2136 608 2373 689 orbem,

810 706 1320 790 Contigeratque
1363 728 1484 775 sua
1525 712 1742 777 sidera
1786 729 2037 777 summa
2081 730 2279 779 coma.

633 840 688 881 ιο
719 814 892 881 Ecce
934 832 1114 881 meus
1158 815 1404 882 ferrum
1448 821 1724 897 patruus
1768 818 2037 883 molitur
2080 819 2151 885 in
2193 818 2361 885 illas.

811 921 1088 987 Terreor
1133 923 1485 1007 admonitu,
1531 942 1768 1004 corque
1811 924 2047 990 timore
2092 925 2310 991 micat.

721 1027 986 1111 Martia,
1029 1028 1233 1111 picus,
1278 1030 1422 1105 avis
1466 1030 1722 1113 gemino
1767 1048 1886 1111 pro
1931 1030 2160 1112 stipite
2202 1036 2503 1113 pugnant

811 1134 905 1199 Et
949 1133 1122 1216 lupa.
1191 1138 1343 1201 tuta
1387 1154 1506 1218 per
1548 1137 1666 1203 hos
1710 1141 1995 1218 utraque
2039 1138 2257 1219 palma
2300 1137 2465 1203 fuit!

721 1240 1020 1323 Dixerat,
1065 1246 1137 1307 et
1178 1242 1438 1324 plenam
1483 1260 1612 1309 non
1655 1242 1861 1309 firmis
1904 1244 2157 1311 viribus
2201 1262 2431 1309 urnam

634 1372 692 1413 ao
807 1346 1108 1413 Sustulit.
1176 1348 1500 1432 implerat,
1546 1350 1696 1415 dum
1741 1368 1865 1415 sua
1908 1351 2055 1417 visa
2097 1350 2322 1417 refert.

724 1453 990 1519 Interea
1035 1461 1370 1521 crescente
1413 1455 1634 1539 Remo,
1679 1461 2014 1523 crescente
2060 1454 2349 1539 QuirinO,

814 1558 1098 1626 Caelesti
1142 1561 1430 1626 tumidus
1476 1563 1758 1642 pondere
1801 1568 2041 1630 venter
2085 1568 2247 1628 erat.

726 1665 866 1749 Quo
909 1667 1122 1733 minus
1169 1668 1458 1734 emeritis
1504 1669 1716 1735 exiret
1761 1669 2058 1736 cursibus
2104 1688 2329 1753 annm,

814 1772 1185 1841 Restabant
1229 1774 1436 1840 nitido
1483 1776 1614 1840 iam
1661 1776 1786 1841 duo
1832 1776 2025 1860 signa
2070 1777 2209 1841 deo.

639 1906 693 1946 aa
724 1878 936 1945 Silvi-a
978 1880 1054 1949 fit
1099 1884 1342 1947 mater:
1388 1881 1636 1947 Vestae
1681 1882 2029 1948 simulacra
2072 1881 2377 1949 feruntur

817 1985 1166 2070 Virgineas
1209 1988 1412 2054 oculis
1458 1989 1830 2070 opposuisse
1875 2006 2120 2054 manus.

727 2095 868 2159 Ara
911 2093 1073 2161 <leae
1119 2099 1298 2159 certe
1343 2094 1614 2161 tremuit
1658 2095 1959 2175 pariente
2002 2095 2321 2177 ministra,

817 2200 912 2265 Et
953 2201 1159 2268 subiit
1205 2201 1454 2267 cineres
1497 2201 1738 2267 territa
1781 2201 2042 2267 flamma
2084 2218 2251 2268 suos.

728 2307 872 2373 Hoc
913 2309 1029 2374 ubi
1073 2308 1386 2390 cognovit
1429 2313 1836 2389 contemptor
1880 2308 2180 2374 Amulius
2226 2306 2437 2390 aequi,
2480 2340 2572 2351 -—-

639 2440 697 2479 ω
816 2414 980 2480 Nam
1027 2420 1256 2495 raptas
1301 2414 1500 2480 fratri
1545 2414 1759 2481 victor
1803 2415 2096 2481 habebat
2140 2432 2294 2495 opffl
2338 2450 2429 2459 —

729 2521 940 2587 Amne
983 2521 1168 2587 iubet
1212 2522 1421 2604 mergi
1465 2523 1772 2605 geminos.
1839 2522 2053 2587 scelus
2096 2513 2275 2587 unda
2318 2518 2585 2602 refugit,

815 2628 898 2694 In
941 2628 1116 2694 sicca
1159 2628 1344 2710 pueri
1389 2627 1837 2695 destituuntur
1880 2628 2091 2695 humo.

729 2735 936 2800 Lacte
981 2735 1126 2815 quis
1169 2735 1460 2801 infantes
1502 2737 1714 2801 nescit
1760 2735 2046 2801 crevisse
2089 2733 2319 2816 ferino,

819 2842 916 2907 Et
956 2841 1172 2923 picum
1219 2842 1534 2923 expositis
1579 2859 1776 2922 saepe
1819 2841 2051 2906 tulisse
2098 2838 2319 2905 cibos?

640 2970 696 3012 ω
727 2947 870 3013 Non
917 2964 1038 3030 ego
1085 2952 1171 3030 te,
1217 2952 1448 3012 tantae
1490 2947 1718 3013 nutrix
1763 2947 2083 3012 Larentia
2126 2945 2360 3028 gentiS,

818 3053 955 3119 Nec
999 3058 1255 3119 taceam
1300 3059 1577 3138 vestras,
1621 3053 1943 3119 Faustule
1986 3069 2251 3134 pauper,
2296 3069 2467 3132 opes.
2590 3083 2599 3092 ·

730 3159 970 3228 Vester
1013 3161 1216 3227 honos
1260 3158 1500 3240 veniet,
1547 3177 1692 3225 cum
1734 3157 2123 3224 Larentalia
2166 3157 2407 3223 dicam:

817 3267 1146 3348 Acceptus
1191 3265 1402 3349 geniis
1445 3265 1566 3330 illa
1607 3264 1969 3331 December
2012 3265 2231 3330 habet.

727 3374 974 3440 Martia
1017 3381 1125 3440 ter
1167 3391 1354 3442 senos
1397 3373 1614 3455 proles
1660 3371 2041 3439 adoleverat
2086 3388 2305 3452 annm,

641 3507 698 3546 so
815 3480 909 3547 Et
953 3482 1224 3548 suberat
1268 3479 1482 3545 flavae
1525 3479 1657 3544 iam
1700 3496 1877 3545 nova
1919 3478 2129 3544 barba
2174 3494 2426 3543 comae:

729 3586 1042 3654 Omnibus
1087 3586 1393 3670 agricolis
1439 3591 2005 3666 armentorumque
2050 3581 2384 3666 magistris

817 3692 1067 3759 Iliadae
1112 3692 1358 3758 fratres
1401 3693 1550 3757 iura
1593 3692 1807 3772 petita
1857 3691 2122 3756 dabant.

730 3800 940 3883 Saepe
986 3801 1239 3866 domum
1284 3799 1559 3866 veniunt
1603 3798 2000 3879 praedonum
2046 3795 2363 3878 sanguine
2405 3793 2587 3876 laeti,

567 4004 660 4062 25.
722 4007 988 4077 patr-uus]
1024 4005 1296 4059 Amulius.
1932 4003 2030 4058 39.
2102 4002 2293 4072 aeqm]
2349 4000 2524 4072 genit.
2586 3999 2683 4054 dec
2737 3995 3037 4052 substanti·

571 4076 661 4133 26.
731 4079 894 4132 micat
949 4075 1044 4130 klo
1087 4074 1150 4128 ft.
1792 4073 2005 4126 vierten
2045 4070 2361 4126 Neutrum.

569 4146 699 4203 ⁸81.
747 4146 830 4212 ,D
917 4145 1016 4200 das
1066 4146 1171 4199 abr
1181 4144 1328 4199 nach
1340 4143 1708 4199 vollendetem
1932 4142 2023 4196 4⁰.
2096 4140 2293 4210 fratri]
2326 4138 2602 4194 Numitor.
2900 4203 2913 4216 ·
2978 4204 2991 4217 ο

463 4213 648 4270 Lause
683 4233 751 4270 zu
773 4215 932 4270 Ende
953 4217 1108 4287 ging,
1145 4214 1322 4268 daran
1337 4213 1553 4268 fehlten
1581 4213 1710 4267 dem
1933 4211 2005 4266 48
2098 4217 2356 4278 acceptus
2410 4208 2611 4279 aonii-3]
2660 4231 2731 4254 =
2786 4203 3041 4277 gemala,

467 4282 840 4370 Sonnengotte
863 4302 968 4340 nur
991 4285 1137 4339 noch
1166 4284 1301 4338 zwei
1325 4283 1565 4337 Zeichen
1589 4282 1709 4351 (des
1793 4281 2057 4335 frohlich.
2704 4347 2719 4362 ·

468 4351 884 4426 Tierkremes)·,
920 4355 973 4409 d.
997 4355 1056 4410 h.
1085 4371 1146 4410 es
1169 4353 1383 4409 fehlten
1407 4351 1551 4408 noch
1573 4352 1708 4406 zwei
1936 4351 2027 4406 52.
2098 4352 2233 4404 iura
2268 4347 2502 4418 dabant]
2552 4361 2666 4400 was
2700 4361 2779 4400 im
2814 4349 3038 4397 venent-

471 4420 709 4478 Honate.
1793 4421 1983 4475 lichen
2055 4421 2112 4473 in
2184 4419 2283 4472 der
2393 4416 2653 4471 orechten
2706 4413 3042 4496 Verteilupg

575 4492 667 4549 ⁸8.
736 4494 910 4548 subiit
961 4495 1192 4564 cimas]
1242 4492 1517 4547 verkroch
1569 4491 1708 4562 sich,
1797 4491 1897 4544 der
1933 4489 2111 4544 Beate
2147 4487 2345 4542 bestan
2394 4506 2409 4555 ς
2446 4487 2683 4539 naheren
2716 4483 2810 4538 bei
2850 4481 3042 4535 Linus

473 4559 525 4613 d.
555 4560 610 4614 h.
647 4563 900 4618 vei-lotch
933 4571 1097 4618 unter
1132 4564 1231 4618 der
1265 4563 1472 4616 Asche.
1797 4559 1825 4612 1
1852 4561 1903 4624 4,
1928 4559 1979 4612 9.

3069 3172 3158 3224 23.
3184 3169 3321 3224 Dea.
