3684 5275
1532 431 1635 486 No.
1659 431 1729 486 52
1764 435 1856 500 (tr.
1893 431 1944 485 v
1975 431 2078 500 ιο).
2967 425 3094 492 119

788 609 918 673 Vix
963 626 1084 690 ope
1130 607 1386 673 castelli
1432 606 1855 674 defendimur.
1932 613 2001 672 et
2047 612 2268 672 tamen
2314 606 2494 671 intus

872 715 1089 780 Mixta
1131 713 1297 780 facit
1342 713 1614 781 Graecis
1658 714 1949 780 barbara
1991 713 2192 778 turba
2237 717 2496 779 metum.

786 818 1039 903 Quippe
1084 821 1276 886 simul
1320 820 1507 887 nobis
1550 820 1815 886 habitat
1862 819 2232 886 discrimine
2275 819 2455 885 nullo

698 950 754 988 so
871 926 1206 994 Barbarus
1252 932 1322 994 et
1365 927 1531 994 tecti
1573 926 1721 1008 plus
1767 945 2024 1009 quoque
2067 931 2258 1009 parte
2303 930 2504 992 tenet.

789 1031 960 1115 Quos
1004 1041 1083 1099 ut
1125 1053 1255 1101 non
1300 1034 1551 1116 timeas,
1595 1033 1805 1115 possis
1852 1033 2064 1100 odisse
2106 1031 2388 1100 videndo

876 1140 1169 1206 Pellibus
1215 1146 1285 1206 et
1328 1140 1527 1223 longa
1571 1157 1842 1222 corpora
1886 1145 2068 1206 tecta
2114 1157 2312 1206 coma.

785 1247 923 1312 Hos
970 1265 1241 1330 quoque,
1295 1247 1410 1327 qui
1450 1247 1663 1330 geniti
1708 1245 1916 1313 Graia
1960 1247 2314 1313 creduntur
2359 1244 2444 1309 ab
2487 1243 2670 1322 urbe,

875 1353 1005 1418 Pro
1050 1352 1268 1434 patrio
1316 1352 1499 1418 cultu
1540 1353 1811 1419 Persica
1853 1353 2056 1418 braca
2098 1352 2288 1435 tegit.

699 1481 752 1520 ³⁵
785 1459 1118 1524 Exercent
1161 1458 1260 1523 illi
1307 1460 1520 1526 sociae
1565 1460 1952 1527 commercia
1992 1459 2284 1542 linguae:

875 1564 1005 1630 Per
1050 1570 1305 1648 gestum
1350 1584 1456 1632 res
1502 1572 1605 1632 est
1648 1565 2076 1649 significanda
2119 1564 2296 1630 mihi.

789 1670 1122 1737 Barbarus
1166 1672 1274 1737 hic
1319 1691 1439 1754 ego
1485 1691 1643 1756 sum,
1689 1673 1802 1754 qui
1847 1691 1976 1739 non
2020 1671 2371 1753 intellegor
2413 1668 2550 1751 ulli,

880 1777 973 1842 Et
1018 1777 1237 1844 rident
1281 1777 1503 1844 stolidi
1548 1780 1755 1846 verba
1798 1779 2046 1845 Latina
2088 1778 2326 1857 Getae3

789 1883 1026 1966 Meque
1069 1885 1286 1966 palam
1333 1885 1415 1951 de
1459 1903 1562 1951 me
1606 1890 1755 1951 tuto
1800 1885 1973 1951 male
2017 1901 2211 1966 saepe
2254 1883 2610 1964 loquuntur

700 2010 757 2051 ιο
876 1989 1187 2056 Forsitan
1230 1991 1524 2057 obiciunt
1568 1992 1962 2074 exiliumque
2005 1991 2184 2073 mihi,

790 2099 1010 2176 Atque
1054 2097 1123 2162 in
1170 2116 1272 2162 me
1317 2115 1587 2182 semper,
1632 2098 1693 2164 si
1736 2097 1896 2180 quid
1939 2097 2306 2164 dicentibus
2349 2094 2483 2160 illis

880 2203 1238 2269 Abnuerim
1284 2205 1585 2286 quotiens
1632 2204 2112 2287 adnuerimque,
2155 2206 2413 2284 putant.

791 2310 995 2392 Adde,
1039 2312 1213 2391 quod
1256 2311 1571 2377 iniustum
1616 2310 1829 2394 rigido
1875 2311 1977 2376 ius
2024 2309 2266 2375 dicitur
2309 2325 2480 2390 ense,

879 2416 1142 2482 Dantur
1187 2422 1257 2483 et
1300 2418 1369 2483 in
1414 2417 1624 2484 medio
1669 2418 1948 2486 vulnera
1991 2435 2186 2499 saepe
2229 2415 2390 2483 foro.

701 2541 757 2580 ⁴⁵
790 2520 845 2587 Ο
892 2524 1119 2588 duram
1163 2524 1505 2608 Lachesin,
1552 2543 1721 2606 quae
1764 2529 1904 2590 tam
1949 2541 2154 2608 grave
2200 2523 2380 2589 sidus
2422 2520 2694 2586 habenti

879 2628 1033 2695 Fila
1078 2631 1259 2696 dedit
1302 2632 1485 2699 vitae
1530 2650 1660 2698 non
1704 2632 2012 2699 breviora
2054 2630 2261 2697 meae!

794 2734 981 2817 Quod
1023 2738 1281 2817 patriae
1327 2738 1518 2804 vultu
1563 2743 1912 2819 vestroque
1957 2754 2270 2820 caremuS,
2314 2735 2522 2817 amici,

884 2844 1103 2921 Atque
1148 2842 1257 2907 hic
1298 2842 1369 2911 in
1414 2843 1745 2926 Scythicis
1788 2844 2098 2927 gentibus
2143 2859 2284 2909 esse
2329 2858 2588 2922 queror:

798 2946 1092 3027 Utraque
1137 2966 1347 3028 poena
1389 2950 1633 3032 gravis.
1707 2950 1916 3015 merui
1962 2955 2182 3015 tamen
2228 2949 2408 3014 Urbe
2454 2964 2693 3027 carere,

707 3074 763 3113 ω
882 3052 1024 3119 Non
1069 3054 1276 3120 merui
1319 3054 1447 3119 tali
1489 3054 1769 3121 forsitan
1813 3073 1956 3121 esse
1998 3055 2156 3121 loco.

797 3155 968 3240 Quid
1011 3158 1241 3239 loquor
1283 3162 1349 3227 a!
1398 3160 1699 3227 demens?
1742 3162 1952 3244 ipsam
1999 3179 2254 3244 quoque
2297 3160 2569 3242 perdere
2616 3158 2840 3239 vitam,

884 3264 1184 3332 Caesaris
1230 3266 1473 3334 offenso
1518 3268 1797 3353 numine,
1845 3268 2082 3351 dignus
2125 3286 2319 3333 eram.

634 3488 724 3544 29.
796 3490 1113 3546 discrimine
1153 3492 1321 3563 nullo]
1374 3493 1523 3547 ohne
1569 3491 1769 3549 Unter-
1963 3494 2054 3549 36.
2121 3494 2346 3563 paetum]
2383 3492 2708 3557 Gebfirden,
2747 3488 3100 3559 Minenspiel.

530 3557 737 3611 schied.
1962 3563 2053 3618 39.
2125 3562 2262 3633 tuto]
2319 3564 2393 3615 ist
2449 3560 2776 3616 adverbium
2835 3577 2904 3612 zu
2959 3558 3100 3613 male

634 3628 726 3684 30.
790 3630 923 3697 plus
994 3636 1117 3685 arte
1150 3632 1306 3700 tecti]
1343 3630 1769 3687 kollektivisch:
1857 3633 2182 3699 loquuntur:
2277 3630 2549 3699 efahrlos,
2603 3630 2729 3685 weil
2778 3626 2925 3683 Ovid
2975 3627 3096 3681 sich

532 3698 625 3751 die
728 3699 893 3752 &Bere
990 3699 1219 3753 ehi-zahl
1254 3700 1355 3754 der
1388 3699 1625 3755 Hiimer.
1856 3702 2018 3756 nicht
2039 3702 2216 3757 vert-ei
2315 3718 2381 3757 en
2407 3702 2577 3767 kann,
2613 3700 2688 3754 da
2711 3716 2773 3755 er
2794 3699 2954 3753 nicht
2975 3714 3094 3751 ver·

608 3715 727 3848 ‚351
799 3768 960 3823 Sinn:
1007 3776 1219 3839 geeetzt
1260 3769 1434 3838 auch,
1482 3770 1592 3825 dass
1640 3788 1769 3825 man
1857 3773 2024 3837 steht,
2059 3788 2173 3825 was
2208 3772 2286 3826 sie
2321 3770 2494 3824 Βὸεαι
2529 3786 2634 3823 von
2672 3770 2789 3823 ihm
2825 3769 3010 3823 reden.

534 3838 695 3891 keine
713 3837 929 3893 Furcht
946 3853 1045 3892 vor
1062 3839 1235 3893 ihnen
1249 3838 1365 3907 hat,
1390 3856 1449 3893 so
1468 3838 1772 3909 empflndet
1961 3841 2090 3896 411.
2162 3840 2323 3895 Sinn:
2379 3841 2452 3895 ob
2498 3839 2594 3893 ich
2637 3856 2750 3893 nun
2797 3839 2888 3893 bei
2936 3838 3096 3891 ihren

534 3922 663 3959 man
696 3907 843 3963 doch
864 3906 1134 3962 Abscheu
1169 3925 1270 3962 vor
1301 3908 1481 3963 ihrem
1504 3909 1770 3964 Anblick.
1859 3910 2094 3965 Worten
2133 3910 2246 3981 (die
2270 3910 2364 3965 ich
2391 3912 2456 3981 Ja
2478 3908 2638 3963 nicht
2659 3908 2935 3977 verstehe)
2973 3908 3098 3961 eine

637 3976 727 4033 38.
803 3978 989 4033 Graia
1024 3978 1097 4032 ab
1133 3978 1287 4047 urbe]
1324 3994 1429 4033 von
1467 3978 1592 4033 dem
1699 3981 1772 4034 'e·
1859 3981 2261 4035 zustimmende
2272 3981 2406 4035 oder
2418 3978 2911 4033 abweisendeBew

536 4044 795 4101 ohisehen
822 4046 983 4103 Teile
1017 4046 1117 4100 der
1138 4046 1547 4119 Beviilkerung.
1661 4050 1773 4103 omi
1861 4049 2083 4119 maehe,
2120 4051 2315 4105 immet
2350 4050 2512 4121 legen
2547 4049 2628 4103 sie
2664 4065 2722 4103 es
2755 4066 2826 4101 zu
2861 4062 3098 4099 memem

534 4115 656 4183 galt
691 4116 772 4171 als
808 4118 931 4172 eine
966 4115 1207 4171 Kolonie
1249 4116 1348 4173 der
1382 4116 1548 4173 stadt
1581 4118 1773 4187 Milon
1860 4118 2158 4175 Nachteile
2195 4122 2280 4187 (in
2311 4121 2414 4190 me)
2451 4136 2567 4173 aus.

535 4184 644 4253 νει.
682 4184 785 4240 No.
823 4186 907 4259 36,
941 4188 1029 4241 41.
1966 4190 2056 4245 45.
2127 4188 2304 4259 scam]
2342 4188 2650 4244 Sohicksal.
