3684 5275
1552 1399 1812 1477 Erster
1865 1402 2045 1477 Teil.

1109 1556 1640 1659 Authologie
1691 1580 1851 1642 aus
1902 1559 2071 1642 den
2122 1558 2391 1642 Fasti.

867 1747 932 1817 Ι.
984 1746 1162 1815 Aus
1219 1744 1372 1816 der
1423 1746 2450 1819 Griechisoh-Rbmisohen
2502 1748 2730 1829 Saga.

1403 1896 1516 1965 uo.
1549 1896 1594 1963 2
1625 1895 1747 1982 (IV
1779 1894 2179 1981 419—618).

874 2052 1017 2118 Der
1060 2050 1264 2118 Baub
1307 2050 1435 2121 der
1477 2052 1939 2137 Proserpina.
2026 2052 2257 2134 mago
2302 2050 2432 2118 der
2475 2051 2707 2119 Ceres.

776 2207 985 2274 Terra
1031 2208 1244 2275 tribus
1289 2208 1571 2292 scopulis
1615 2215 1881 2277 vastum
1925 2208 2255 2292 procurrit
2299 2208 2367 2274 in
2414 2226 2656 2290 aequor

865 2314 1218 2394 Trinacris,
1265 2335 1308 2380 a
1351 2316 1571 2398 positu
1615 2334 1847 2383 nomen
1894 2317 2137 2397 adepta
2180 2314 2322 2399 loci,

773 2418 987 2488 Grata
1032 2424 1254 2489 domus
1301 2422 1539 2489 Cereri.
1629 2421 1873 2488 multas
1918 2440 1998 2488 ea
2041 2422 2333 2504 possidet
2374 2422 2588 2503 urbes,

861 2526 940 2593 In
987 2528 1220 2609 quibus
1267 2534 1370 2595 est
1415 2529 1591 2595 culto
1635 2528 1879 2595 fertilis
1923 2529 2161 2595 Henna
2205 2529 2357 2595 solo.

713 2659 740 2698 5
771 2632 1048 2718 Frigida
1091 2638 1444 2702 caelestum
1491 2642 1737 2703 matres
1781 2635 2118 2702 Arethusa
2164 2640 2468 2703 vocarat:

755 2725 768 2740 ”
860 2742 1153 2808 Venerat
1197 2745 1283 2808 ad
1329 2761 1550 2810 sacras
1598 2748 1667 2809 et
1713 2744 1836 2808 dea
1880 2742 2059 2810 flava
2102 2743 2321 2822 dapes.

771 2845 964 2931 Filia,
1011 2849 1335 2914 consuetis
1379 2855 1457 2915 ut
1497 2853 1650 2914 erat
1696 2849 2013 2914 comitata
2056 2847 2307 2928 puellis,

789 2973 796 2979 ·
861 2953 1155 3021 Errabat
1199 2957 1370 3021 nudo
1415 2973 1534 3036 per
1580 2972 1702 3020 sua
1744 2957 1943 3034 prata
1987 2955 2168 3034 pede.

773 3061 968 3128 Valle
1011 3062 1134 3127 sub
1180 3062 1483 3127 umbrosa
1526 3060 1706 3126 locus
1752 3064 1853 3126 est
1900 3060 2246 3142 aspergine
2289 3062 2498 3127 multa

681 3191 736 3230 ιο
855 3168 1109 3234 Uvidus
1156 3186 1238 3235 ex
1284 3167 1422 3234 alto
1467 3166 1829 3233 desilientis
1874 3185 2100 3247 aquae.

767 3275 896 3340 Tot
938 3273 1206 3342 fuerant
1249 3274 1404 3358 illic,
1451 3278 1610 3354 quot
1654 3273 1859 3339 habet
1900 3278 2162 3357 natura,
2208 3274 2471 3356 coloreS,

853 3379 1173 3462 Pictaque
1218 3381 1514 3448 dissimili
1558 3380 1718 3446 flore
1761 3378 2025 3446 nitebat
2067 3380 2317 3446 humus.
2352 3384 2359 3392 '

764 3487 974 3571 Quam
1019 3488 1210 3555 simul
1256 3485 1534 3572 aspexit,
1579 3487 1882 3570 ‘comites,
1927 3487 2221 3552 accedite
2236 3487 2268 3552 1’
2316 3487 2485 3552 dixit

848 3593 960 3659 ‘Et
1001 3613 1251 3662 mecum
1294 3595 1518 3676 plenos
1561 3593 1720 3660 flore
1762 3592 2011 3659 referte
2054 3593 2279 3659 sinusl'

675 3726 728 3766 ιε.
758 3699 1018 3766 Praeda
1060 3701 1388 3784 puellares
1434 3699 1679 3766 animos
1723 3699 2051 3781 prolectat
2094 3697 2325 3781 inanis,

849 3807 943 3873 Et
986 3824 1112 3872 non
1161 3807 1446 3874 sentitur
1489 3806 1840 3872 sedulitate
1886 3805 2089 3871 labor.

759 3913 946 3979 Haec
988 3912 1218 3994 implet
1259 3913 1440 3980 lento
1485 3914 1782 3980 calathos
1825 3930 1863 3976 0
1907 3911 2151 3978 vimine
2194 3931 2410 3996 11οΧ03,

633 4103 739 4159 No.
775 4102 832 4158 2.
903 4104 959 4159 2.
1032 4119 1070 4156 a
1102 4107 1296 4173 positu
1329 4105 1454 4174 loci]
1492 4123 1598 4159 von
1633 4106 1732 4160 der
1956 4102 2013 4157 6.
2092 4104 2262 4173 flava]
2322 4121 2512 4176 wegen
2571 4102 2671 4158 der
2723 4103 2908 4159 Farbe
2962 4103 3057 4158 des

493 4169 658 4226 Form
694 4173 792 4227 der
826 4172 992 4228 111001.
1817 4168 2125 4242 Getreides,
2164 4173 2265 4256 das
2302 4173 2466 4227 Ceres
2497 4175 2759 4256 yachsen
2794 4174 2925 4227 liisst.

493 4276 686 4398 Ηυξ·
761 4273 904 4330 ουτω
955 4277 1086 4345 εοιο]
1147 4275 1252 4330 auf
1299 4283 1402 4347 gut
1457 4277 1730 4348 sebauter
1955 4243 2013 4365 ἐς
2075 4242 2973 4384 01”,;1]1ξῖθῑε,ω11111,111

1919 4379 2010 4434 12.
2099 4381 2357 4436 dissimili
2420 4383 2573 4452 flore]
2646 4399 2750 4437 von
2818 4381 3053 4435 Blumen

631 4447 686 4503 5.
733 4447 952 4519 matres]
970 4445 1194 4520 hiiufige
1217 4447 1612 4522 Bezeichnung
1630 4450 1729 4504 der
1813 4447 1954 4502 aller
1990 4447 2111 4503 Art.

496 4509 826 4584 Giittinnem
863 4517 1169 4588 caelestum]
1204 4519 1296 4572 fiir
1331 4519 1656 4574 caelestium.
1860 4539 1865 4543 „
1920 4519 2008 4574 17.
2080 4519 2241 4590 lento]
2279 4520 2543 4592 biegsam.
