<?xml version="1.0" encoding="UTF-8"?>
<!DOCTYPE html PUBLIC "-//W3C//DTD XHTML 1.0 Transitional//EN"
    "http://www.w3.org/TR/xhtml1/DTD/xhtml1-transitional.dtd">
<html xmlns="http://www.w3.org/1999/xhtml" xml:lang="en" lang="en">
 <head>
  <title>
</title>
<meta http-equiv="Content-Type" content="text/html;charset=utf-8" />
  <meta name='ocr-system' content='tesseract 3.04.00' />
  <meta name='ocr-capabilities' content='ocr_page ocr_carea ocr_par ocr_line ocrx_word'/>
</head>
<body>
  <div class='ocr_page' id='page_1' title='image "./fastitristiaepi00brangoog_0150.png"; bbox 0 0 3684 5275; ppageno 0'>
   <div class='ocr_carea' id='block_1_1' title="bbox 618 403 2114 470">
    <p class='ocr_par' dir='ltr' id='par_1_1' title="bbox 618 403 2114 470">
     <span class='ocr_line' id='line_1_1' title="bbox 618 403 2114 470; baseline 0 -1"><span class='ocrx_word' id='word_1_1' title='bbox 618 403 745 470; x_wconf 83' lang='grc'><strong>138</strong></span> <span class='ocrx_word' id='word_1_2' title='bbox 1686 412 1926 470; x_wconf 78' lang='lat' dir='ltr'><strong>zweiter</strong></span> <span class='ocrx_word' id='word_1_3' title='bbox 1969 413 2114 470; x_wconf 85' lang='lat' dir='ltr'><strong>Teil.</strong></span> 
     </span>
    </p>
   </div>
   <div class='ocr_carea' id='block_1_2' title="bbox 771 577 2806 3533">
    <p class='ocr_par' dir='ltr' id='par_1_2' title="bbox 771 577 2806 3533">
     <span class='ocr_line' id='line_1_2' title="bbox 884 577 2668 658; baseline 0.001 -13"><span class='ocrx_word' id='word_1_4' title='bbox 884 577 1266 646; x_wconf 83' lang='lat' dir='ltr'><strong>“Alteruter</strong></span> <span class='ocrx_word' id='word_1_5' title='bbox 1308 578 1587 645; x_wconf 79' lang='lat' dir='ltr'><strong>nostris”</strong></span> <span class='ocrx_word' id='word_1_6' title='bbox 1631 577 1854 658; x_wconf 88' lang='lat' dir='ltr'><strong>inquit</strong></span> <span class='ocrx_word' id='word_1_7' title='bbox 1896 579 2130 646; x_wconf 81' lang='lat' dir='ltr'><strong>“cadat</strong></span> <span class='ocrx_word' id='word_1_8' title='bbox 2173 578 2396 646; x_wconf 86' lang='lat' dir='ltr'><strong>hostia</strong></span> <span class='ocrx_word' id='word_1_9' title='bbox 2439 580 2668 646; x_wconf 85' lang='lat' dir='ltr'><strong>sacris:</strong></span> 
     </span>
     <span class='ocr_line' id='line_1_3' title="bbox 973 683 2357 767; baseline -0.001 -15"><span class='ocrx_word' id='word_1_10' title='bbox 973 685 1080 752; x_wconf 82' lang='lat' dir='ltr'><strong>Ad</strong></span> <span class='ocrx_word' id='word_1_11' title='bbox 1123 685 1379 767; x_wconf 80' lang='lat' dir='ltr'><strong>patrias</strong></span> <span class='ocrx_word' id='word_1_12' title='bbox 1420 687 1609 752; x_wconf 91' lang='lat' dir='ltr'><strong>sedes</strong></span> <span class='ocrx_word' id='word_1_13' title='bbox 1652 683 1924 750; x_wconf 87' lang='lat' dir='ltr'><strong>nuntius</strong></span> <span class='ocrx_word' id='word_1_14' title='bbox 1974 685 2149 752; x_wconf 85' lang='lat' dir='ltr'><strong>alter</strong></span> <span class='ocrx_word' id='word_1_15' title='bbox 2191 685 2357 752; x_wconf 83' lang='lat' dir='ltr'><strong>eat.”</strong></span> 
     </span>
     <span class='ocr_line' id='line_1_4' title="bbox 796 790 2544 875; baseline -0.001 -17"><span class='ocrx_word' id='word_1_16' title='bbox 796 817 849 858; x_wconf 69' lang='lat' dir='ltr'><strong>a·</strong></span> <span class='ocrx_word' id='word_1_17' title='bbox 881 791 991 858; x_wconf 92' lang='lat' dir='ltr'><strong>Ire</strong></span> <span class='ocrx_word' id='word_1_18' title='bbox 1034 792 1221 858; x_wconf 90' lang='lat' dir='ltr'><strong>iubet</strong></span> <span class='ocrx_word' id='word_1_19' title='bbox 1263 791 1550 875; x_wconf 80' lang='lat' dir='ltr'><strong>Pylades</strong></span> <span class='ocrx_word' id='word_1_20' title='bbox 1596 809 1817 856; x_wconf 79' lang='lat' dir='ltr'><strong>carum</strong></span> <span class='ocrx_word' id='word_1_21' title='bbox 1863 792 2196 873; x_wconf 86' lang='lat' dir='ltr'><strong>periturus</strong></span> <span class='ocrx_word' id='word_1_22' title='bbox 2243 790 2544 859; x_wconf 78' lang='lat' dir='ltr'><strong>Oresten:</strong></span> 
     </span>
     <span class='ocr_line' id='line_1_5' title="bbox 974 897 2692 982; baseline 0 -18"><span class='ocrx_word' id='word_1_23' title='bbox 974 897 1102 964; x_wconf 90' lang='lat' dir='ltr'><strong>Hic</strong></span> <span class='ocrx_word' id='word_1_24' title='bbox 1144 902 1375 982; x_wconf 79' lang='lat' dir='ltr'><strong>negat:</strong></span> <span class='ocrx_word' id='word_1_25' title='bbox 1422 897 1619 979; x_wconf 87' lang='lat' dir='ltr'><strong>inque</strong></span> <span class='ocrx_word' id='word_1_26' title='bbox 1665 897 1846 964; x_wconf 86' lang='lat' dir='ltr'><strong>vices</strong></span> <span class='ocrx_word' id='word_1_27' title='bbox 1889 902 2146 980; x_wconf 80' lang='lat' dir='ltr'><strong>pugnat</strong></span> <span class='ocrx_word' id='word_1_28' title='bbox 2191 902 2467 980; x_wconf 89' lang='lat' dir='ltr'><strong>uterque</strong></span> <span class='ocrx_word' id='word_1_29' title='bbox 2509 898 2692 964; x_wconf 87' lang='lat' dir='ltr'><strong>mori.</strong></span> 
     </span>
     <span class='ocr_line' id='line_1_6' title="bbox 885 1003 2544 1087; baseline -0.001 -16"><span class='ocrx_word' id='word_1_30' title='bbox 885 1005 1139 1071; x_wconf 85' lang='lat' dir='ltr'><strong>Extitit</strong></span> <span class='ocrx_word' id='word_1_31' title='bbox 1181 1003 1305 1070; x_wconf 89' lang='lat' dir='ltr'><strong>hoc</strong></span> <span class='ocrx_word' id='word_1_32' title='bbox 1348 1021 1567 1087; x_wconf 89' lang='lat' dir='ltr'><strong>unum,</strong></span> <span class='ocrx_word' id='word_1_33' title='bbox 1613 1022 1740 1085; x_wconf 86' lang='lat' dir='ltr'><strong>quo</strong></span> <span class='ocrx_word' id='word_1_34' title='bbox 1785 1022 1916 1071; x_wconf 93' lang='lat' dir='ltr'><strong>non</strong></span> <span class='ocrx_word' id='word_1_35' title='bbox 1962 1005 2344 1072; x_wconf 85' lang='lat' dir='ltr'><strong>convenerit</strong></span> <span class='ocrx_word' id='word_1_36' title='bbox 2387 1004 2544 1070; x_wconf 83' lang='lat' dir='ltr'><strong>inis:</strong></span> 
     </span>
     <span class='ocr_line' id='line_1_7' title="bbox 974 1110 2349 1192; baseline -0.001 -14"><span class='ocrx_word' id='word_1_37' title='bbox 974 1111 1211 1178; x_wconf 83' lang='lat' dir='ltr'><strong>Cetera</strong></span> <span class='ocrx_word' id='word_1_38' title='bbox 1256 1129 1380 1192; x_wconf 89' lang='lat' dir='ltr'><strong>par</strong></span> <span class='ocrx_word' id='word_1_39' title='bbox 1424 1127 1691 1177; x_wconf 76' lang='lat' dir='ltr'><strong>concors</strong></span> <span class='ocrx_word' id='word_1_40' title='bbox 1736 1115 1806 1177; x_wconf 88' lang='lat' dir='ltr'><strong>et</strong></span> <span class='ocrx_word' id='word_1_41' title='bbox 1849 1110 1994 1178; x_wconf 91' lang='lat' dir='ltr'><strong>sine</strong></span> <span class='ocrx_word' id='word_1_42' title='bbox 2036 1110 2158 1177; x_wconf 93' lang='lat' dir='ltr'><strong>lite</strong></span> <span class='ocrx_word' id='word_1_43' title='bbox 2201 1111 2349 1177; x_wconf 80' lang='lat' dir='ltr'><strong>fuit.</strong></span> 
     </span>
     <span class='ocr_line' id='line_1_8' title="bbox 884 1216 2723 1300; baseline 0.001 -18"><span class='ocrx_word' id='word_1_44' title='bbox 884 1216 1058 1283; x_wconf 92' lang='lat' dir='ltr'><strong>Dum</strong></span> <span class='ocrx_word' id='word_1_45' title='bbox 1100 1221 1428 1300; x_wconf 82' lang='lat' dir='ltr'><strong>peragunt</strong></span> <span class='ocrx_word' id='word_1_46' title='bbox 1470 1216 1741 1284; x_wconf 86' lang='lat' dir='ltr'><strong>iuvenes</strong></span> <span class='ocrx_word' id='word_1_47' title='bbox 1788 1216 2045 1298; x_wconf 84' lang='lat' dir='ltr'><strong>pulchri</strong></span> <span class='ocrx_word' id='word_1_48' title='bbox 2091 1221 2423 1284; x_wconf 84' lang='lat' dir='ltr'><strong>certamen</strong></span> <span class='ocrx_word' id='word_1_49' title='bbox 2468 1218 2723 1300; x_wconf 78' lang='lat' dir='ltr'><strong>amoriS,</strong></span> 
     </span>
     <span class='ocr_line' id='line_1_9' title="bbox 795 1322 2424 1405; baseline 0 -15"><span class='ocrx_word' id='word_1_50' title='bbox 795 1350 851 1390; x_wconf 62' lang='grc' dir='ltr'><strong>ρο</strong></span> <span class='ocrx_word' id='word_1_51' title='bbox 972 1323 1079 1390; x_wconf 87' lang='lat' dir='ltr'><strong>Ad</strong></span> <span class='ocrx_word' id='word_1_52' title='bbox 1122 1322 1400 1390; x_wconf 83' lang='lat' dir='ltr'><strong>fratrem</strong></span> <span class='ocrx_word' id='word_1_53' title='bbox 1444 1323 1727 1405; x_wconf 86' lang='lat' dir='ltr'><strong>scriptas</strong></span> <span class='ocrx_word' id='word_1_54' title='bbox 1773 1329 2012 1390; x_wconf 83' lang='lat' dir='ltr'><strong>exarat</strong></span> <span class='ocrx_word' id='word_1_55' title='bbox 2054 1324 2174 1390; x_wconf 85' lang='lat' dir='ltr'><strong>illa</strong></span> <span class='ocrx_word' id='word_1_56' title='bbox 2217 1328 2424 1391; x_wconf 85' lang='lat' dir='ltr'><strong>notas.</strong></span> 
     </span>
     <span class='ocr_line' id='line_1_10' title="bbox 885 1429 2786 1514; baseline 0 -18"><span class='ocrx_word' id='word_1_57' title='bbox 885 1431 993 1496; x_wconf 88' lang='lat' dir='ltr'><strong>Ad</strong></span> <span class='ocrx_word' id='word_1_58' title='bbox 1036 1429 1313 1496; x_wconf 79' lang='lat' dir='ltr'><strong>fratrem</strong></span> <span class='ocrx_word' id='word_1_59' title='bbox 1358 1430 1671 1496; x_wconf 83' lang='lat' dir='ltr'><strong>mandata</strong></span> <span class='ocrx_word' id='word_1_60' title='bbox 1715 1431 1950 1497; x_wconf 80' lang='lat' dir='ltr'><strong>dabat:</strong></span> <span class='ocrx_word' id='word_1_61' title='bbox 2001 1431 2233 1512; x_wconf 88' lang='lat' dir='ltr'><strong>cuique</strong></span> <span class='ocrx_word' id='word_1_62' title='bbox 2275 1430 2396 1496; x_wconf 86' lang='lat' dir='ltr'><strong>illa</strong></span> <span class='ocrx_word' id='word_1_63' title='bbox 2441 1430 2786 1514; x_wconf 78' lang='lat' dir='ltr'><strong>dabantur,</strong></span> 
     </span>
     <span class='ocr_line' id='line_1_11' title="bbox 973 1535 2310 1618; baseline 0 -16"><span class='ocrx_word' id='word_1_64' title='bbox 973 1535 1309 1602; x_wconf 86' lang='lat' dir='ltr'><strong>Humanos</strong></span> <span class='ocrx_word' id='word_1_65' title='bbox 1356 1553 1545 1602; x_wconf 85' lang='lat' dir='ltr'><strong>casus</strong></span> <span class='ocrx_word' id='word_1_66' title='bbox 1592 1536 1842 1618; x_wconf 82' lang='lat' dir='ltr'><strong>aspice!</strong></span> <span class='ocrx_word' id='word_1_67' title='bbox 1889 1537 2103 1603; x_wconf 80' lang='lat' dir='ltr'><strong>frater</strong></span> <span class='ocrx_word' id='word_1_68' title='bbox 2147 1542 2310 1603; x_wconf 86' lang='lat' dir='ltr'><strong>erat.</strong></span> 
     </span>
     <span class='ocr_line' id='line_1_12' title="bbox 883 1642 2709 1727; baseline 0.001 -19"><span class='ocrx_word' id='word_1_69' title='bbox 883 1644 1021 1709; x_wconf 89' lang='lat' dir='ltr'><strong>Nec</strong></span> <span class='ocrx_word' id='word_1_70' title='bbox 1063 1660 1264 1727; x_wconf 90' lang='lat' dir='ltr'><strong>mora,</strong></span> <span class='ocrx_word' id='word_1_71' title='bbox 1310 1643 1393 1708; x_wconf 93' lang='lat' dir='ltr'><strong>de</strong></span> <span class='ocrx_word' id='word_1_72' title='bbox 1436 1642 1680 1724; x_wconf 89' lang='lat' dir='ltr'><strong>templo</strong></span> <span class='ocrx_word' id='word_1_73' title='bbox 1728 1643 1998 1725; x_wconf 86' lang='lat' dir='ltr'><strong>rapiunt</strong></span> <span class='ocrx_word' id='word_1_74' title='bbox 2041 1643 2391 1710; x_wconf 88' lang='lat' dir='ltr'><strong>simulacra</strong></span> <span class='ocrx_word' id='word_1_75' title='bbox 2435 1643 2709 1726; x_wconf 86' lang='lat' dir='ltr'><strong>Dianae,</strong></span> 
     </span>
     <span class='ocr_line' id='line_1_13' title="bbox 976 1748 2700 1832; baseline 0.001 -17"><span class='ocrx_word' id='word_1_76' title='bbox 976 1748 1286 1830; x_wconf 79' lang='lat' dir='ltr'><strong>clamque</strong></span> <span class='ocrx_word' id='word_1_77' title='bbox 1330 1766 1447 1831; x_wconf 93' lang='lat' dir='ltr'><strong>per</strong></span> <span class='ocrx_word' id='word_1_78' title='bbox 1475 1749 1821 1815; x_wconf 76' lang='lat' dir='ltr'><strong>,inmensas</strong></span> <span class='ocrx_word' id='word_1_79' title='bbox 1865 1768 2084 1832; x_wconf 88' lang='lat' dir='ltr'><strong>puppe</strong></span> <span class='ocrx_word' id='word_1_80' title='bbox 2127 1748 2433 1817; x_wconf 78' lang='lat' dir='ltr'><strong>feruntur</strong></span> <span class='ocrx_word' id='word_1_81' title='bbox 2477 1768 2700 1830; x_wconf 79' lang='lat' dir='ltr'><strong>aquas,</strong></span> 
     </span>
     <span class='ocr_line' id='line_1_14' title="bbox 798 1843 2668 1940; baseline 0 -19"><span class='ocrx_word' id='word_1_82' title='bbox 798 1882 851 1921; x_wconf 73' lang='lat'><strong>95</strong></span> <span class='ocrx_word' id='word_1_83' title='bbox 884 1855 1090 1922; x_wconf 84' lang='lat' dir='ltr'><strong>Mirus</strong></span> <span class='ocrx_word' id='word_1_84' title='bbox 1136 1843 1318 1922; x_wconf 85' lang='lat' dir='ltr'><strong>amor</strong></span> <span class='ocrx_word' id='word_1_85' title='bbox 1360 1856 1686 1940; x_wconf 87' lang='lat' dir='ltr'><strong>iuvenum,</strong></span> <span class='ocrx_word' id='word_1_86' title='bbox 1733 1857 2032 1938; x_wconf 82' lang='lat' dir='ltr'><strong>quamvis</strong></span> <span class='ocrx_word' id='word_1_87' title='bbox 2077 1857 2302 1923; x_wconf 86' lang='lat' dir='ltr'><strong>abiere</strong></span> <span class='ocrx_word' id='word_1_88' title='bbox 2346 1861 2450 1922; x_wconf 89' lang='lat' dir='ltr'><strong>tot</strong></span> <span class='ocrx_word' id='word_1_89' title='bbox 2495 1857 2668 1939; x_wconf 88' lang='lat' dir='ltr'><strong>anni,</strong></span> 
     </span>
     <span class='ocr_line' id='line_1_15' title="bbox 974 1961 2784 2045; baseline 0.002 -19"><span class='ocrx_word' id='word_1_90' title='bbox 974 1961 1055 2028; x_wconf 93' lang='lat' dir='ltr'><strong>In</strong></span> <span class='ocrx_word' id='word_1_91' title='bbox 1100 1961 1376 2045; x_wconf 81' lang='lat' dir='ltr'><strong>Scythia</strong></span> <span class='ocrx_word' id='word_1_92' title='bbox 1417 1980 1724 2045; x_wconf 80' lang='lat' dir='ltr'><strong>magnum</strong></span> <span class='ocrx_word' id='word_1_93' title='bbox 1770 1980 1944 2030; x_wconf 89' lang='lat' dir='ltr'><strong>nunc</strong></span> <span class='ocrx_word' id='word_1_94' title='bbox 1985 1972 2244 2044; x_wconf 74' lang='lat' dir='ltr'><strong>quoque</strong></span> <span class='ocrx_word' id='word_1_95' title='bbox 2286 1980 2519 2030; x_wconf 91' lang='lat' dir='ltr'><strong>nomen</strong></span> <span class='ocrx_word' id='word_1_96' title='bbox 2562 1964 2784 2030; x_wconf 88' lang='lat' dir='ltr'><strong>habet.</strong></span> 
     </span>
     <span class='ocr_line' id='line_1_16' title="bbox 884 2067 2724 2152; baseline 0.004 -18"><span class='ocrx_word' id='word_1_97' title='bbox 884 2067 1143 2136; x_wconf 85' lang='lat' dir='ltr'><strong>Fabula</strong></span> <span class='ocrx_word' id='word_1_98' title='bbox 1186 2073 1464 2136; x_wconf 87' lang='lat' dir='ltr'><strong>narrata</strong></span> <span class='ocrx_word' id='word_1_99' title='bbox 1508 2071 1611 2135; x_wconf 88' lang='lat' dir='ltr'><strong>est</strong></span> <span class='ocrx_word' id='word_1_100' title='bbox 1654 2073 2004 2151; x_wconf 77' lang='lat' dir='ltr'><strong>postquam</strong></span> <span class='ocrx_word' id='word_1_101' title='bbox 2047 2069 2344 2152; x_wconf 76' lang='lat' dir='ltr'><strong>vulgar-Is</strong></span> <span class='ocrx_word' id='word_1_102' title='bbox 2390 2069 2475 2136; x_wconf 89' lang='lat' dir='ltr'><strong>ab</strong></span> <span class='ocrx_word' id='word_1_103' title='bbox 2520 2069 2652 2152; x_wconf 86' lang='lat' dir='ltr'><strong>ino,</strong></span> <span class='ocrx_word' id='word_1_104' title='bbox 2721 2135 2724 2141; x_wconf 90' lang='lat'>.</span> 
     </span>
     <span class='ocr_line' id='line_1_17' title="bbox 974 2174 2456 2259; baseline 0.001 -18"><span class='ocrx_word' id='word_1_105' title='bbox 974 2175 1365 2242; x_wconf 84' lang='lat' dir='ltr'><strong>Laudarunt</strong></span> <span class='ocrx_word' id='word_1_106' title='bbox 1410 2192 1629 2241; x_wconf 88' lang='lat' dir='ltr'><strong>omnes</strong></span> <span class='ocrx_word' id='word_1_107' title='bbox 1672 2174 1857 2241; x_wconf 75' lang='lat' dir='ltr'><strong>facta</strong></span> <span class='ocrx_word' id='word_1_108' title='bbox 1900 2176 2205 2259; x_wconf 80' lang='lat' dir='ltr'><strong>piamque</strong></span> <span class='ocrx_word' id='word_1_109' title='bbox 2247 2175 2456 2242; x_wconf 86' lang='lat' dir='ltr'><strong>fidem.</strong></span> 
     </span>
     <span class='ocr_line' id='line_1_18' title="bbox 887 2280 2637 2366; baseline -0.002 -17"><span class='ocrx_word' id='word_1_110' title='bbox 887 2280 1155 2349; x_wconf 78' lang='lat' dir='ltr'><strong>Scilicet</strong></span> <span class='ocrx_word' id='word_1_111' title='bbox 1197 2280 1322 2347; x_wconf 86' lang='lat' dir='ltr'><strong>hac</strong></span> <span class='ocrx_word' id='word_1_112' title='bbox 1368 2281 1587 2366; x_wconf 85' lang='lat' dir='ltr'><strong>etiam,</strong></span> <span class='ocrx_word' id='word_1_113' title='bbox 1632 2300 1764 2362; x_wconf 88' lang='lat' dir='ltr'><strong>qua</strong></span> <span class='ocrx_word' id='word_1_114' title='bbox 1807 2281 1991 2349; x_wconf 88' lang='lat' dir='ltr'><strong>nulla</strong></span> <span class='ocrx_word' id='word_1_115' title='bbox 2035 2281 2313 2349; x_wconf 75' lang='lat' dir='ltr'><strong>ferocior</strong></span> <span class='ocrx_word' id='word_1_116' title='bbox 2357 2300 2476 2348; x_wconf 89' lang='lat' dir='ltr'><strong>ora</strong></span> <span class='ocrx_word' id='word_1_117' title='bbox 2519 2287 2637 2365; x_wconf 89' lang='lat' dir='ltr'><strong>est,</strong></span> 
     </span>
     <span class='ocr_line' id='line_1_19' title="bbox 772 2387 2454 2456; baseline 0.001 -4"><span class='ocrx_word' id='word_1_118' title='bbox 772 2413 855 2452; x_wconf 84' lang='lat'><strong>100</strong></span> <span class='ocrx_word' id='word_1_119' title='bbox 972 2388 1222 2455; x_wconf 86' lang='lat' dir='ltr'><strong>Nomen</strong></span> <span class='ocrx_word' id='word_1_120' title='bbox 1267 2387 1599 2454; x_wconf 78' lang='lat' dir='ltr'><strong>amicitiae</strong></span> <span class='ocrx_word' id='word_1_121' title='bbox 1643 2388 1931 2454; x_wconf 83' lang='lat' dir='ltr'><strong>barbara</strong></span> <span class='ocrx_word' id='word_1_122' title='bbox 1975 2389 2174 2456; x_wconf 89' lang='lat' dir='ltr'><strong>corda</strong></span> <span class='ocrx_word' id='word_1_123' title='bbox 2216 2393 2454 2456; x_wconf 86' lang='lat' dir='ltr'><strong>movet.</strong></span> 
     </span>
     <span class='ocr_line' id='line_1_20' title="bbox 886 2493 2570 2578; baseline -0.001 -18"><span class='ocrx_word' id='word_1_124' title='bbox 886 2493 1059 2578; x_wconf 82' lang='lat' dir='ltr'><strong>Quid</strong></span> <span class='ocrx_word' id='word_1_125' title='bbox 1104 2493 1323 2560; x_wconf 82' lang='lat' dir='ltr'><strong>facere</strong></span> <span class='ocrx_word' id='word_1_126' title='bbox 1368 2494 1659 2561; x_wconf 88' lang='lat' dir='ltr'><strong>Ausonia</strong></span> <span class='ocrx_word' id='word_1_127' title='bbox 1701 2495 1915 2578; x_wconf 80' lang='lat' dir='ltr'><strong>geniti</strong></span> <span class='ocrx_word' id='word_1_128' title='bbox 1960 2494 2214 2561; x_wconf 89' lang='lat' dir='ltr'><strong>debetis</strong></span> <span class='ocrx_word' id='word_1_129' title='bbox 2257 2495 2328 2559; x_wconf 93' lang='lat' dir='ltr'><strong>in</strong></span> <span class='ocrx_word' id='word_1_130' title='bbox 2372 2494 2570 2578; x_wconf 86' lang='lat' dir='ltr'><strong>Urbe,</strong></span> 
     </span>
     <span class='ocr_line' id='line_1_21' title="bbox 976 2599 2422 2684; baseline 0 -16"><span class='ocrx_word' id='word_1_131' title='bbox 976 2600 1135 2668; x_wconf 87' lang='lat' dir='ltr'><strong>Cum</strong></span> <span class='ocrx_word' id='word_1_132' title='bbox 1180 2604 1465 2684; x_wconf 83' lang='lat' dir='ltr'><strong>tangant</strong></span> <span class='ocrx_word' id='word_1_133' title='bbox 1509 2600 1685 2669; x_wconf 87' lang='lat' dir='ltr'><strong>diros</strong></span> <span class='ocrx_word' id='word_1_134' title='bbox 1731 2600 1900 2668; x_wconf 83' lang='lat' dir='ltr'><strong>talia</strong></span> <span class='ocrx_word' id='word_1_135' title='bbox 1944 2600 2128 2668; x_wconf 80' lang='lat' dir='ltr'><strong>facta</strong></span> <span class='ocrx_word' id='word_1_136' title='bbox 2173 2599 2422 2668; x_wconf 80' lang='lat' dir='ltr'><strong>Getas?</strong></span> 
     </span>
     <span class='ocr_line' id='line_1_22' title="bbox 886 2707 2806 2792; baseline -0.001 -17"><span class='ocrx_word' id='word_1_137' title='bbox 886 2708 1091 2791; x_wconf 83' lang='lat' dir='ltr'><strong>Adde,</strong></span> <span class='ocrx_word' id='word_1_138' title='bbox 1137 2708 1311 2790; x_wconf 90' lang='lat' dir='ltr'><strong>quod</strong></span> <span class='ocrx_word' id='word_1_139' title='bbox 1344 2712 1458 2773; x_wconf 87' lang='lat' dir='ltr'><strong>est</strong></span> <span class='ocrx_word' id='word_1_140' title='bbox 1504 2708 1756 2774; x_wconf 86' lang='lat' dir='ltr'><strong>animus</strong></span> <span class='ocrx_word' id='word_1_141' title='bbox 1800 2726 2055 2791; x_wconf 83' lang='lat' dir='ltr'><strong>semper</strong></span> <span class='ocrx_word' id='word_1_142' title='bbox 2097 2708 2224 2775; x_wconf 88' lang='lat' dir='ltr'><strong>tibi</strong></span> <span class='ocrx_word' id='word_1_143' title='bbox 2269 2708 2468 2792; x_wconf 81' lang='lat' dir='ltr'><strong>mitis,</strong></span> <span class='ocrx_word' id='word_1_144' title='bbox 2514 2713 2583 2774; x_wconf 90' lang='lat' dir='ltr'><strong>et</strong></span> <span class='ocrx_word' id='word_1_145' title='bbox 2629 2707 2806 2774; x_wconf 87' lang='lat' dir='ltr'><strong>altae</strong></span> 
     </span>
     <span class='ocr_line' id='line_1_23' title="bbox 974 2813 2276 2899; baseline 0.001 -19"><span class='ocrx_word' id='word_1_146' title='bbox 974 2814 1293 2881; x_wconf 80' lang='lat' dir='ltr'><strong>Indicium</strong></span> <span class='ocrx_word' id='word_1_147' title='bbox 1339 2832 1551 2881; x_wconf 90' lang='lat' dir='ltr'><strong>mores</strong></span> <span class='ocrx_word' id='word_1_148' title='bbox 1595 2813 1966 2881; x_wconf 85' lang='lat' dir='ltr'><strong>nobilitatis</strong></span> <span class='ocrx_word' id='word_1_149' title='bbox 2010 2814 2276 2899; x_wconf 86' lang='lat' dir='ltr'><strong>habent,</strong></span> 
     </span>
     <span class='ocr_line' id='line_1_24' title="bbox 771 2920 2641 3005; baseline 0 -20"><span class='ocrx_word' id='word_1_150' title='bbox 771 2945 855 2986; x_wconf 73' lang='lat'><strong>10⁶</strong></span> <span class='ocrx_word' id='word_1_151' title='bbox 885 2920 1061 3005; x_wconf 84' lang='lat' dir='ltr'><strong>Quos</strong></span> <span class='ocrx_word' id='word_1_152' title='bbox 1105 2921 1380 2988; x_wconf 88' lang='lat' dir='ltr'><strong>Volesus</strong></span> <span class='ocrx_word' id='word_1_153' title='bbox 1424 2920 1630 3003; x_wconf 85' lang='lat' dir='ltr'><strong>patrii</strong></span> <span class='ocrx_word' id='word_1_154' title='bbox 1674 2924 2027 3005; x_wconf 83' lang='lat' dir='ltr'><strong>cognoscat</strong></span> <span class='ocrx_word' id='word_1_155' title='bbox 2069 2922 2347 2989; x_wconf 90' lang='lat' dir='ltr'><strong>nominis</strong></span> <span class='ocrx_word' id='word_1_156' title='bbox 2393 2926 2641 3004; x_wconf 85' lang='lat' dir='ltr'><strong>auctor,</strong></span> 
     </span>
     <span class='ocr_line' id='line_1_25' title="bbox 975 3027 2598 3111; baseline 0.001 -17"><span class='ocrx_word' id='word_1_157' title='bbox 975 3027 1151 3111; x_wconf 84' lang='lat' dir='ltr'><strong>Quos</strong></span> <span class='ocrx_word' id='word_1_158' title='bbox 1193 3027 1407 3094; x_wconf 87' lang='lat' dir='ltr'><strong>Numa</strong></span> <span class='ocrx_word' id='word_1_159' title='bbox 1449 3032 1784 3094; x_wconf 84' lang='lat' dir='ltr'><strong>maternus</strong></span> <span class='ocrx_word' id='word_1_160' title='bbox 1826 3045 1959 3094; x_wconf 93' lang='lat' dir='ltr'><strong>non</strong></span> <span class='ocrx_word' id='word_1_161' title='bbox 2002 3033 2203 3111; x_wconf 81' lang='lat' dir='ltr'><strong>neget</strong></span> <span class='ocrx_word' id='word_1_162' title='bbox 2245 3046 2388 3095; x_wconf 87' lang='lat' dir='ltr'><strong>esse</strong></span> <span class='ocrx_word' id='word_1_163' title='bbox 2431 3046 2598 3111; x_wconf 76' lang='lat' dir='ltr'><strong>suoS,</strong></span> 
     </span>
     <span class='ocr_line' id='line_1_26' title="bbox 886 3134 2702 3217; baseline -0.001 -16"><span class='ocrx_word' id='word_1_164' title='bbox 886 3134 1281 3215; x_wconf 88' lang='lat' dir='ltr'><strong>Adiectique</strong></span> <span class='ocrx_word' id='word_1_165' title='bbox 1324 3134 1606 3215; x_wconf 89' lang='lat' dir='ltr'><strong>probent</strong></span> <span class='ocrx_word' id='word_1_166' title='bbox 1649 3134 1966 3216; x_wconf 83' lang='lat' dir='ltr'><strong>genetiva</strong></span> <span class='ocrx_word' id='word_1_167' title='bbox 2011 3135 2099 3201; x_wconf 83' lang='lat' dir='ltr'><strong>ad</strong></span> <span class='ocrx_word' id='word_1_168' title='bbox 2141 3134 2406 3201; x_wconf 85' lang='lat' dir='ltr'><strong>nomina</strong></span> <span class='ocrx_word' id='word_1_169' title='bbox 2451 3135 2702 3217; x_wconf 85' lang='lat' dir='ltr'><strong>Cottae,</strong></span> 
     </span>
     <span class='ocr_line' id='line_1_27' title="bbox 977 3239 2272 3323; baseline 0 -16"><span class='ocrx_word' id='word_1_170' title='bbox 977 3240 1049 3307; x_wconf 89' lang='lat' dir='ltr'><strong>Si</strong></span> <span class='ocrx_word' id='word_1_171' title='bbox 1095 3244 1170 3306; x_wconf 89' lang='lat' dir='ltr'><strong>tu</strong></span> <span class='ocrx_word' id='word_1_172' title='bbox 1214 3258 1343 3306; x_wconf 90' lang='lat' dir='ltr'><strong>non</strong></span> <span class='ocrx_word' id='word_1_173' title='bbox 1388 3258 1581 3323; x_wconf 88' lang='lat' dir='ltr'><strong>esses,</strong></span> <span class='ocrx_word' id='word_1_174' title='bbox 1624 3239 1986 3307; x_wconf 88' lang='lat' dir='ltr'><strong>interitura</strong></span> <span class='ocrx_word' id='word_1_175' title='bbox 2030 3243 2272 3307; x_wconf 89' lang='lat' dir='ltr'><strong>domus.</strong></span> 
     </span>
     <span class='ocr_line' id='line_1_28' title="bbox 886 3345 2564 3430; baseline -0.001 -17"><span class='ocrx_word' id='word_1_176' title='bbox 886 3346 1103 3430; x_wconf 87' lang='lat' dir='ltr'><strong>Digne</strong></span> <span class='ocrx_word' id='word_1_177' title='bbox 1148 3345 1255 3413; x_wconf 84' lang='lat' dir='ltr'><strong>vir</strong></span> <span class='ocrx_word' id='word_1_178' title='bbox 1297 3346 1423 3411; x_wconf 85' lang='lat' dir='ltr'><strong>hac</strong></span> <span class='ocrx_word' id='word_1_179' title='bbox 1468 3346 1659 3429; x_wconf 88' lang='lat' dir='ltr'><strong>serie,</strong></span> <span class='ocrx_word' id='word_1_180' title='bbox 1702 3346 1887 3429; x_wconf 89' lang='lat' dir='ltr'><strong>lapso</strong></span> <span class='ocrx_word' id='word_1_181' title='bbox 1935 3364 2313 3415; x_wconf 88' lang='lat' dir='ltr'><strong>succurrere</strong></span> <span class='ocrx_word' id='word_1_182' title='bbox 2359 3345 2564 3412; x_wconf 88' lang='lat' dir='ltr'><strong>amico</strong></span> 
     </span>
     <span class='ocr_line' id='line_1_29' title="bbox 772 3452 2334 3533; baseline -0.001 -14"><span class='ocrx_word' id='word_1_183' title='bbox 772 3479 855 3519; x_wconf 82' lang='lat' dir='ltr'><strong>uo</strong></span> <span class='ocrx_word' id='word_1_184' title='bbox 976 3452 1381 3520; x_wconf 85' lang='lat' dir='ltr'><strong>Conveniens</strong></span> <span class='ocrx_word' id='word_1_185' title='bbox 1424 3452 1575 3519; x_wconf 88' lang='lat' dir='ltr'><strong>istis</strong></span> <span class='ocrx_word' id='word_1_186' title='bbox 1620 3452 1911 3520; x_wconf 90' lang='lat' dir='ltr'><strong>moribus</strong></span> <span class='ocrx_word' id='word_1_187' title='bbox 1957 3470 2100 3519; x_wconf 90' lang='lat' dir='ltr'><strong>esse</strong></span> <span class='ocrx_word' id='word_1_188' title='bbox 2144 3453 2334 3533; x_wconf 77' lang='lat' dir='ltr'><strong>puta!</strong></span> 
     </span>
    </p>
   </div>
   <div class='ocr_carea' id='block_1_3' title="bbox 1407 3652 2416 3863">
    <p class='ocr_par' dir='ltr' id='par_1_3' title="bbox 1407 3652 2416 3863">
     <span class='ocr_line' id='line_1_30' title="bbox 1530 3652 2288 3741; baseline -0.012 -15"><span class='ocrx_word' id='word_1_189' title='bbox 1530 3656 1644 3726; x_wconf 68' lang='lat' dir='ltr'><strong>No.</strong></span> <span class='ocrx_word' id='word_1_190' title='bbox 1675 3656 1745 3725; x_wconf 81' lang='grc'><strong>61</strong></span> <span class='ocrx_word' id='word_1_191' title='bbox 1794 3654 1898 3741; x_wconf 88' lang='grc' dir='ltr'><strong>(Ε.</strong></span> <span class='ocrx_word' id='word_1_192' title='bbox 1941 3656 2016 3721; x_wconf 91' lang='grc' dir='ltr'><strong>Ρ.</strong></span> <span class='ocrx_word' id='word_1_193' title='bbox 2061 3653 2169 3720; x_wconf 92' lang='grc' dir='ltr'><strong>ΠΙ</strong></span> <span class='ocrx_word' id='word_1_194' title='bbox 2200 3652 2288 3738; x_wconf 89' lang='grc'><strong>8).</strong></span> 
     </span>
     <span class='ocr_line' id='line_1_31' title="bbox 1407 3791 2416 3863; baseline -0.001 -3"><span class='ocrx_word' id='word_1_195' title='bbox 1407 3791 1545 3860; x_wconf 80' lang='lat' dir='ltr'><strong>Ein</strong></span> <span class='ocrx_word' id='word_1_196' title='bbox 1590 3791 1968 3863; x_wconf 78' lang='lat' dir='ltr'><strong>Gesehenk</strong></span> <span class='ocrx_word' id='word_1_197' title='bbox 2009 3808 2140 3859; x_wconf 82' lang='lat' dir='ltr'><strong>ans</strong></span> <span class='ocrx_word' id='word_1_198' title='bbox 2184 3792 2416 3861; x_wconf 76' lang='lat' dir='ltr'><strong>Tomi.</strong></span> 
     </span>
    </p>
   </div>
   <div class='ocr_carea' id='block_1_4' title="bbox 890 3929 2746 4123">
    <p class='ocr_par' dir='ltr' id='par_1_4' title="bbox 890 3929 2746 4123">
     <span class='ocr_line' id='line_1_32' title="bbox 890 3929 2746 4018; baseline -0.002 -18"><span class='ocrx_word' id='word_1_199' title='bbox 890 3933 1073 4017; x_wconf 83' lang='lat' dir='ltr'><strong>Quae</strong></span> <span class='ocrx_word' id='word_1_200' title='bbox 1115 3933 1262 4017; x_wconf 89' lang='lat' dir='ltr'><strong>tibi,</strong></span> <span class='ocrx_word' id='word_1_201' title='bbox 1309 3934 1720 4018; x_wconf 85' lang='lat' dir='ltr'><strong>quaerebam,</strong></span> <span class='ocrx_word' id='word_1_202' title='bbox 1764 3951 2111 4000; x_wconf 89' lang='lat' dir='ltr'><strong>memorem</strong></span> <span class='ocrx_word' id='word_1_203' title='bbox 2154 3929 2480 3999; x_wconf 85' lang='lat' dir='ltr'><strong>testantia</strong></span> <span class='ocrx_word' id='word_1_204' title='bbox 2527 3949 2746 3998; x_wconf 85' lang='lat' dir='ltr'><strong>curam</strong></span> 
     </span>
     <span class='ocr_line' id='line_1_33' title="bbox 979 4039 2396 4123; baseline 0 -18"><span class='ocrx_word' id='word_1_205' title='bbox 979 4039 1170 4106; x_wconf 86' lang='lat' dir='ltr'><strong>Dona</strong></span> <span class='ocrx_word' id='word_1_206' title='bbox 1213 4040 1595 4107; x_wconf 83' lang='lat' dir='ltr'><strong>Tomitanus</strong></span> <span class='ocrx_word' id='word_1_207' title='bbox 1641 4040 1910 4106; x_wconf 89' lang='lat' dir='ltr'><strong>mittere</strong></span> <span class='ocrx_word' id='word_1_208' title='bbox 1952 4045 2175 4122; x_wconf 89' lang='lat' dir='ltr'><strong>posset</strong></span> <span class='ocrx_word' id='word_1_209' title='bbox 2219 4058 2396 4123; x_wconf 85' lang='lat' dir='ltr'><strong>ager.</strong></span> 
     </span>
    </p>
   </div>
   <div class='ocr_carea' id='block_1_5' title="bbox 761 4190 3196 4266">
    <p class='ocr_par' dir='ltr' id='par_1_5' title="bbox 761 4190 3196 4266">
     <span class='ocr_line' id='line_1_34' title="bbox 761 4190 3196 4266; baseline -0.003 -16"><span class='ocrx_word' id='word_1_210' title='bbox 761 4194 853 4251; x_wconf 81' lang='lat'><strong>87.</strong></span> <span class='ocrx_word' id='word_1_211' title='bbox 924 4209 1031 4262; x_wconf 69' lang='lat' dir='ltr'><strong>quo</strong></span> <span class='ocrx_word' id='word_1_212' title='bbox 1066 4224 1139 4234; x_wconf 94' lang='lat'><strong>—</strong></span> <span class='ocrx_word' id='word_1_213' title='bbox 1171 4194 1308 4266; x_wconf 62' lang='grc' dir='ltr'><strong>ἰαῦ]</strong></span> <span class='ocrx_word' id='word_1_214' title='bbox 1364 4196 1535 4251; x_wconf 70' lang='lat' dir='ltr'><strong>vorin</strong></span> <span class='ocrx_word' id='word_1_215' title='bbox 1581 4194 1663 4249; x_wconf 80' lang='lat' dir='ltr'><strong>sie</strong></span> <span class='ocrx_word' id='word_1_216' title='bbox 1709 4195 1872 4248; x_wconf 82' lang='lat' dir='ltr'><strong>nicht</strong></span> <span class='ocrx_word' id='word_1_217' title='bbox 2061 4194 2170 4251; x_wconf 76' lang='lat' dir='ltr'><strong>No·</strong></span> <span class='ocrx_word' id='word_1_218' title='bbox 2183 4194 2275 4251; x_wconf 75' lang='lat'><strong>61.</strong></span> <span class='ocrx_word' id='word_1_219' title='bbox 2298 4190 3196 4266; x_wconf 76' lang='lat' dir='ltr'><strong>BegleitschreibenanPaullua</strong></span> 
     </span>
    </p>
   </div>
   <div class='ocr_carea' id='block_1_6' title="bbox 622 4258 3196 4476">
    <p class='ocr_par' dir='ltr' id='par_1_6' title="bbox 622 4258 3196 4476">
     <span class='ocr_line' id='line_1_35' title="bbox 622 4258 3196 4335; baseline -0.002 -17"><span class='ocrx_word' id='word_1_220' title='bbox 622 4266 775 4335; x_wconf 82' lang='lat' dir='ltr'><strong>einig</strong></span> <span class='ocrx_word' id='word_1_221' title='bbox 816 4280 1018 4319; x_wconf 74' lang='lat' dir='ltr'><strong>waren.</strong></span> <span class='ocrx_word' id='word_1_222' title='bbox 1954 4262 2223 4317; x_wconf 76' lang='lat' dir='ltr'><strong>Fabius</strong></span> <span class='ocrx_word' id='word_1_223' title='bbox 2248 4263 2586 4318; x_wconf 74' lang='lat' dir='ltr'><strong>Maximus</strong></span> <span class='ocrx_word' id='word_1_224' title='bbox 2619 4262 2723 4315; x_wconf 77' lang='lat' dir='ltr'><strong>mit</strong></span> <span class='ocrx_word' id='word_1_225' title='bbox 2746 4260 2873 4316; x_wconf 86' lang='lat' dir='ltr'><strong>dem</strong></span> <span class='ocrx_word' id='word_1_226' title='bbox 2898 4258 3196 4317; x_wconf 74' lang='lat' dir='ltr'><strong>Geschenk</strong></span> 
     </span>
     <span class='ocr_line' id='line_1_36' title="bbox 762 4331 3196 4405; baseline -0.002 -16"><span class='ocrx_word' id='word_1_227' title='bbox 762 4334 854 4389; x_wconf 84' lang='lat'><strong>88.</strong></span> <span class='ocrx_word' id='word_1_228' title='bbox 928 4339 1110 4389; x_wconf 73' lang='lat' dir='ltr'><strong>cetera</strong></span> <span class='ocrx_word' id='word_1_229' title='bbox 1167 4349 1350 4387; x_wconf 81' lang='lat' dir='ltr'><strong>accus.</strong></span> <span class='ocrx_word' id='word_1_230' title='bbox 1384 4350 1630 4405; x_wconf 69' lang='lat' dir='ltr'><strong>graecus.</strong></span> <span class='ocrx_word' id='word_1_231' title='bbox 1954 4334 2108 4388; x_wconf 81' lang='lat' dir='ltr'><strong>eines</strong></span> <span class='ocrx_word' id='word_1_232' title='bbox 2130 4333 2495 4404; x_wconf 78' lang='lat' dir='ltr'><strong>skythischen</strong></span> <span class='ocrx_word' id='word_1_233' title='bbox 2515 4331 2768 4387; x_wconf 63' lang='lat' dir='ltr'><strong>Kochers</strong></span> <span class='ocrx_word' id='word_1_234' title='bbox 2791 4331 2908 4386; x_wconf 85' lang='lat' dir='ltr'><strong>und</strong></span> <span class='ocrx_word' id='word_1_235' title='bbox 2931 4332 3029 4386; x_wconf 86' lang='lat' dir='ltr'><strong>der</strong></span> <span class='ocrx_word' id='word_1_236' title='bbox 3052 4331 3196 4385; x_wconf 74' lang='lat' dir='ltr'><strong>dazu</strong></span> 
     </span>
     <span class='ocr_line' id='line_1_37' title="bbox 728 4334 2499 4476; baseline -0.002 -17"><span class='ocrx_word' id='word_1_237' title='bbox 728 4403 855 4459; x_wconf 78' lang='lat'><strong>1⁰8.</strong></span> <span class='ocrx_word' id='word_1_238' title='bbox 912 4334 1209 4473; x_wconf 44' lang='lat' dir='ltr'><strong>domaniist</strong></span> <span class='ocrx_word' id='word_1_239' title='bbox 1218 4403 1551 4474; x_wconf 76' lang='lat' dir='ltr'><strong>Apposition</strong></span> <span class='ocrx_word' id='word_1_240' title='bbox 1565 4419 1635 4457; x_wconf 82' lang='lat' dir='ltr'><strong>zu</strong></span> <span class='ocrx_word' id='word_1_241' title='bbox 1652 4400 1864 4457; x_wconf 71' lang='lat' dir='ltr'><strong>Cottae:</strong></span> <span class='ocrx_word' id='word_1_242' title='bbox 1953 4404 2261 4476; x_wconf 70' lang='lat' dir='ltr'><strong>gehiirigen</strong></span> <span class='ocrx_word' id='word_1_243' title='bbox 2301 4402 2499 4458; x_wconf 79' lang='lat' dir='ltr'><strong>Pfeile.</strong></span> 
     </span>
    </p>
   </div>
   <div class='ocr_carea' id='block_1_7' title="bbox 624 4469 3198 4611">
    <p class='ocr_par' dir='ltr' id='par_1_7' title="bbox 624 4469 3198 4611">
     <span class='ocr_line' id='line_1_38' title="bbox 624 4469 3198 4543; baseline -0.003 -16"><span class='ocrx_word' id='word_1_244' title='bbox 624 4474 794 4528; x_wconf 88' lang='lat' dir='ltr'><strong>deren</strong></span> <span class='ocrx_word' id='word_1_245' title='bbox 821 4472 1062 4527; x_wconf 80' lang='lat' dir='ltr'><strong>Familie</strong></span> <span class='ocrx_word' id='word_1_246' title='bbox 1086 4474 1231 4526; x_wconf 60' lang='lat' dir='ltr'><strong>&#39;lire</strong></span> <span class='ocrx_word' id='word_1_247' title='bbox 1256 4472 1669 4543; x_wconf 75' lang='lat' dir='ltr'><strong>ausgestorben,</strong></span> <span class='ocrx_word' id='word_1_248' title='bbox 1706 4487 1865 4526; x_wconf 77' lang='lat' dir='ltr'><strong>wenn</strong></span> <span class='ocrx_word' id='word_1_249' title='bbox 2059 4475 2116 4531; x_wconf 86' lang='lat'><strong>1.</strong></span> <span class='ocrx_word' id='word_1_250' title='bbox 2155 4488 2434 4529; x_wconf 75' lang='lat' dir='ltr'><strong>memorem</strong></span> <span class='ocrx_word' id='word_1_251' title='bbox 2447 4471 2650 4539; x_wconf 80' lang='lat' dir='ltr'><strong>curam]</strong></span> <span class='ocrx_word' id='word_1_252' title='bbox 2667 4470 2846 4527; x_wconf 87' lang='lat' dir='ltr'><strong>Liebe</strong></span> <span class='ocrx_word' id='word_1_253' title='bbox 2863 4469 2977 4523; x_wconf 90' lang='lat' dir='ltr'><strong>und</strong></span> <span class='ocrx_word' id='word_1_254' title='bbox 2995 4469 3198 4523; x_wconf 84' lang='lat' dir='ltr'><strong>Treue.</strong></span> 
     </span>
     <span class='ocr_line' id='line_1_39' title="bbox 624 4540 1866 4611; baseline -0.002 -14"><span class='ocrx_word' id='word_1_255' title='bbox 624 4545 704 4597; x_wconf 80' lang='lat' dir='ltr'><strong>sie</strong></span> <span class='ocrx_word' id='word_1_256' title='bbox 740 4543 901 4597; x_wconf 86' lang='lat' dir='ltr'><strong>nicht</strong></span> <span class='ocrx_word' id='word_1_257' title='bbox 924 4543 1033 4597; x_wconf 87' lang='lat' dir='ltr'><strong>den</strong></span> <span class='ocrx_word' id='word_1_258' title='bbox 1057 4541 1319 4597; x_wconf 74' lang='lat' dir='ltr'><strong>Valerius</strong></span> <span class='ocrx_word' id='word_1_259' title='bbox 1351 4542 1631 4611; x_wconf 83' lang='lat' dir='ltr'><strong>adoptiert</strong></span> <span class='ocrx_word' id='word_1_260' title='bbox 1653 4540 1866 4596; x_wconf 57' lang='lat' dir='ltr'><strong>hatten.</strong></span> 
     </span>
    </p>
   </div>
  </div>
 </body>
</html>
