3684 5275
612 404 737 469 112
1679 415 1918 470 Zweiter
1961 415 2106 470 Teii.

816 601 842 640 ⁵
874 578 1061 646 Nunc
1105 583 1269 662 erat,
1312 583 1392 644 nt
1433 580 1647 661 posito
1694 580 1996 646 deberem
2039 579 2168 646 fine
2211 579 2508 645 laborum

964 685 1225 769 Vivere,
1268 704 1373 752 me
1417 684 1596 751 nullo
1642 685 2043 752 sonicitante
2086 691 2281 769 metu,

875 791 1183 874 Quaeque
1226 811 1411 859 meae
1453 809 1709 873 semper
1751 791 2142 873 placuerunt
2185 791 2326 859 otia
2369 791 2572 859 menti

966 897 1249 982 Carpere
1294 903 1365 966 et
1406 899 1477 964 in
1518 897 1759 964 studiis
1802 898 2092 965 molliter
2135 916 2278 964 esse
2320 898 2499 980 meis,

874 1005 969 1070 Et
1012 1023 1287 1087 parvam
1333 1004 1667 1071 celebrare
1715 1008 1968 1071 domum
2015 1009 2402 1087 veteresque
2446 1006 2734 1072 Penates

788 1139 843 1176 ιο
962 1111 1057 1176 Et
1102 1129 1269 1191 quae
1312 1129 1487 1177 nnnc
1531 1111 1786 1178 domino
1832 1130 1993 1177 rura
2035 1116 2320 1193 paterna
2364 1116 2611 1194 carent,

874 1217 1083 1297 Inque
1125 1217 1271 1285 sinu
1316 1217 1613 1284 dominae
1658 1217 1960 1298 carisque
2004 1217 2333 1284 sodalibus
2379 1218 2578 1298 inque

963 1323 1243 1390 Securus
1287 1324 1511 1406 patria
1556 1324 1969 1390 consenuisse
2011 1342 2176 1390 mea.

874 1431 1060 1495 Haec
1102 1448 1249 1496 mea
1292 1429 1389 1496 sic
1432 1431 1755 1511 quondam
1798 1430 2032 1512 peragi
2077 1435 2466 1512 speraverat
2509 1435 2714 1513 actae,

962 1535 1102 1602 Hos
1147 1553 1268 1618 ego
1313 1535 1409 1602 sic
1452 1555 1659 1603 annos
1702 1555 1946 1619 ponere
1990 1535 2225 1620 dignus
2267 1553 2468 1603 eram.

787 1668 841 1708 ιε,
872 1643 1017 1708 Non
1060 1641 1163 1708 ita
1208 1641 1310 1708 dis
1354 1642 1585 1726 visum,
1630 1643 1743 1724 qui
1788 1662 1891 1709 me
1935 1647 2247 1723 terraque
2291 1643 2588 1725 marique

964 1749 1204 1814 Actum
1248 1748 1633 1814 Sarmaticis
1678 1755 2035 1830 exposuere
2078 1748 2258 1815 locis.

876 1856 955 1920 In
1001 1874 1169 1924 cava
1216 1856 1541 1922 ducuntur
1586 1874 1866 1937 quassae
1907 1855 2178 1922 navalia
2221 1874 2494 1938 puppes,

964 1963 1101 2028 Nec
1145 1967 1393 2029 temere
1443 1963 1513 2028 in
1558 1962 1787 2029 mediis
1832 1961 2283 2028 destituuntur
2325 1962 2533 2042 aquis.

876 2069 977 2134 Ne
1020 2069 1217 2135 cadat
1262 2074 1333 2136 et
1374 2071 1617 2136 multas
1661 2068 1915 2152 palmas
1959 2067 2331 2134 inhonestet
2373 2069 2670 2153 adeptus,

788 2201 843 2240 20
962 2176 1343 2259 Languidus
1386 2177 1457 2243 in
1501 2177 1714 2259 pratis
1758 2175 2063 2260 gramina
2109 2175 2322 2256 carpit
2369 2193 2592 2256 equus.

876 2281 1067 2348 Miles
1112 2283 1229 2350 ubi
1272 2283 1563 2350 emeritis
1606 2301 1737 2349 non
1781 2287 1886 2348 est
1929 2281 2096 2348 satis
2141 2282 2326 2348 utilis
2369 2282 2578 2360 annia

964 2389 1165 2455 Ponit
1210 2390 1295 2455 ad
1340 2389 1662 2472 antiquos,
1706 2407 1878 2470 quae
1921 2387 2098 2471 tulit,
2143 2407 2330 2453 arma
2371 2388 2595 2454 Lares.

874 2495 983 2561 Sic
1025 2495 1249 2578 igitur,
1295 2496 1493 2562 tarda
1536 2495 1715 2562 vires
1760 2495 2094 2560 minuente
2137 2499 2421 2576 senecta,

966 2602 1076 2669 Me
1120 2620 1375 2685 quoque
1418 2601 1651 2670 donari
1696 2601 1827 2669 iam
1871 2600 2036 2667 rude
2081 2605 2338 2683 tempus
2381 2605 2548 2669 erat.

790 2735 844 2774 πε.
876 2709 1159 2791 Tempus
1204 2714 1353 2776 erat
1394 2728 1516 2776 nec
1557 2726 1661 2777 me
1706 2706 2123 2791 peregrinum
2171 2708 2406 2773 ducere
2457 2708 2726 2791 caelum,

968 2815 1105 2880 Nec
1147 2816 1386 2883 siccam
1430 2816 1664 2883 Getico
1709 2815 1896 2882 fonte
1939 2814 2168 2881 levare
2209 2814 2406 2897 sitim,

878 2921 1007 2987 Sed
1049 2924 1254 3007 modo,
1300 2940 1460 3004 quos
1504 2922 1725 3004 habui,
1769 2940 2014 2989 vacuos
2057 2922 2360 2987 secedere
2401 2921 2472 2986 in
2517 2920 2758 3003 hortos,

968 3030 1156 3094 Nunc
1199 3029 1525 3095 hominum
1570 3029 1719 3094 visu
1762 3046 1990 3094 rursus
2035 3032 2106 3094 et
2151 3028 2333 3095 Urbe
2377 3025 2526 3093 frui.

879 3135 989 3200 Sic
1031 3135 1248 3201 animo
1297 3136 1617 3216 quondam
1662 3153 1791 3200 non
1838 3134 2181 3200 divinante
2227 3134 2455 3199 futura

790 3268 845 3307 ³0
966 3239 1293 3323 Optabam
1338 3240 1595 3322 placide
1638 3241 1868 3309 vivere
1911 3258 2100 3323 posse
2143 3257 2361 3307 senex,

878 3346 1055 3413 Fata
1098 3352 1569 3431 repugnarunt,
1615 3364 1783 3427 quae
1828 3365 1974 3412 cum
2018 3346 2179 3413 mihi
2223 3350 2518 3426 tempora
2562 3343 2774 3426 prima

968 3454 1197 3519 Mollia
1240 3454 1683 3537 praebuefint‚
1726 3454 2096 3535 posteriora
2137 3457 2445 3534 gravant.

882 3560 1151 3640 Iamque
1198 3561 1418 3627 decem
1463 3560 1692 3627 lustris
1740 3560 1916 3625 omni
1960 3558 2101 3625 sine
2144 3557 2297 3625 labe
2340 3557 2626 3639 peractis

969 3664 1174 3732 Parte
1218 3684 1475 3747 premor
1518 3666 1703 3733 vitae
1748 3666 2073 3732 deteriore
2117 3683 2330 3746 meae3

794 3798 848 3836 aa
878 3771 937 3836 N
941 3790 1015 3837 ec
1059 3772 1283 3854 procul
1330 3791 1372 3838 a
1414 3772 1625 3855 metis,
1670 3792 1833 3853 quas
1879 3791 2086 3856 paene
2130 3777 2356 3838 tenere
2403 3770 2692 3853 videbar,

751 3979 808 4033 5.
880 3994 1029 4033 nunc
1064 3981 1201 4051 erat]
1238 3980 1365 4035 wir:
1407 3980 1550 4050 jetzt
1586 3984 1731 4035 ware
1768 3981 1860 4035 die
2047 3980 2142 4035 24.
2210 3979 2364 4032 rudis
2397 3979 2471 4032 ist
2500 3980 2624 4033 eine
2649 3979 2757 4032 Art
2780 3978 3048 4049 Bappier,
3085 3977 3185 4031 das

614 4048 737 4103 Zeit
772 4048 861 4102 da.
1945 4049 2044 4104 der
2079 4048 2442 4119 ausgediente
2477 4048 2774 4103 Gladiator
2821 4048 2905 4101 als
2940 4046 3182 4102 Zeichen

752 4118 811 4173 8.
881 4118 1129 4201 conpore]
1161 4118 1465 4201 behaglich
1500 4119 1787 4189 genieflen.
1945 4118 2176 4187 erhielt,
2221 4118 2335 4171 dass
2384 4134 2444 4173 er
2491 4135 2563 4173 an
2604 4118 2864 4172 weiteren
2901 4116 3184 4187 Kffinpfen

720 4190 809 4243 11.
881 4188 1134 4243 domnae
1186 4205 1388 4242 uxoris.
1945 4188 2104 4242 nicht
2137 4188 2298 4255 mehr
2331 4188 2740 4242 teilzunehmen
2777 4187 2952 4241 batte.

718 4258 808 4312 1⁹.
874 4257 1105 4328 palmus]
1170 4256 1311 4329 iege.
1372 4257 1637 4313 Gemeint
1668 4260 1743 4311 ist
1766 4259 1856 4312 ein
2049 4258 2140 4314 26.
2183 4256 2368 4317 ,Uber
2383 4258 2484 4313 das
2497 4256 2783 4311 schlechte
2803 4255 3186 4311 Trinkwmer

614 4327 765 4381 edles
798 4325 951 4394 Bon,
996 4328 1097 4381 dn
1140 4344 1201 4381 no
1248 4329 1341 4380 lan
1385 4344 1417 4381 e
1458 4344 1517 4382 es
1558 4329 1690 4399 ‘ung
1724 4344 1857 4395 war,
1943 4328 2059 4400 vgl.
2096 4327 2199 4383 No·
2226 4327 2311 4395 38,
2337 4328 2386 4384 7.

614 4397 689 4450 im
715 4396 1145 4481 Wagenrennen
1169 4397 1305 4468 (vgl.
1328 4345 1432 4451 ἕο.
1462 4398 1511 4464 1,
1570 4397 1677 4469 δί.)
1702 4414 1856 4451 man-
2048 4397 2140 4453 27.
2210 4397 2387 4466 modo]
2410 4396 2561 4463 bald,
2597 4395 2776 4447 durch
2799 4412 2948 4449 nunc
2974 4392 3068 4463 (V.
3092 4392 3184 4463 28)
3207 4434 3212 4437 -

616 4468 757 4520 chen
794 4466 929 4539 Sieg
960 4482 1211 4539 gewann.
1945 4467 2214 4538 abgeliist.
3260 4472 3268 4481 '

718 4537 809 4591 22.
872 4538 1060 4608 ponit]
1096 4536 1179 4590 als
1216 4536 1689 4607 Weihgenchenk.
2049 4537 2141 4592 35.
2213 4536 2414 4605 tenere]
2451 4534 2752 4590 erreiehen.
