3684 5275
1503 409 1605 465 No.
1632 411 1699 464 57
1736 409 1827 481 (Ε.
1863 409 1928 463 Ρ.
1965 410 1994 464 1
2019 410 2092 480 s).
2958 413 3086 480 129

664 611 750 652 ιη
782 585 909 670 Qui
956 586 1121 652 vicit
1164 605 1433 670 semper,
1480 587 1677 654 victis
1722 592 1801 652 ut
1843 604 2115 669 parcere
2157 591 2397 671 posset,

868 693 1120 759 Clausit
1167 698 1237 759 et
1282 698 1557 760 aeterna
1600 693 1815 760 civica
1857 693 2034 759 bella
2079 711 2252 760 sera:

776 799 993 865 Multa
1036 804 1216 865 metu
1261 817 1528 882 poenae,
1573 817 1785 880 poena
1828 799 1942 880 qui
1987 816 2199 881 pauca
2243 803 2514 884 coercet,

866 906 961 971 Et
1005 906 1169 972 iacit
1210 906 1428 973 invita
1474 905 1753 972 fulmina
1796 923 1954 971 rara
1997 923 2209 971 manu.

777 1010 958 1095 Ergo
1006 1018 1143 1078 tam
1186 1012 1484 1094 placidas
1530 1017 1753 1078 orator
1797 1012 2031 1078 missus
2078 1012 2163 1078 ad
2208 1029 2418 1095 aures,

666 1143 749 1184 18⁰
868 1119 963 1185 Ut
1008 1119 1272 1201 propior
1314 1119 1575 1201 patriae
1620 1117 1711 1184 sit
1754 1117 1918 1201 fuga
1961 1123 2208 1202 nostra,
2250 1136 2430 1202 roga.

778 1224 902 1290 Ille
948 1243 1069 1308 ego
1116 1242 1275 1306 sum,
1323 1224 1435 1305 qui
1480 1229 1551 1290 te
1596 1224 1783 1308 colui,
1830 1243 2022 1305 quem
2065 1225 2243 1291 festa
2286 1225 2542 1292 solebat

865 1331 1054 1397 Inter
1097 1331 1413 1399 convivas
1456 1349 1681 1398 mensa
1726 1331 1956 1398 videre
1997 1335 2174 1398 tuost
2441 1397 2446 1402 .

776 1436 901 1502 Ille
948 1455 1087 1521 ego,
1135 1437 1248 1518 qui
1294 1438 1451 1504 duxi
1495 1443 1752 1504 vestros
1796 1439 2224 1521 Hymenaeon
2271 1439 2358 1504 ad
2400 1438 2605 1522 ignes,

865 1543 958 1609 Et
1005 1543 1211 1610 cecini
1256 1543 1475 1611 fausto
1520 1544 1814 1610 earmina
1857 1545 2062 1628 digna
2103 1549 2275 1610 toro:

664 1675 747 1715 ιω
781 1649 976 1715 Cuius
1023 1653 1093 1715 te
1136 1649 1401 1716 solitum
1445 1651 1709 1718 memini
1752 1651 2027 1717 laudare
2070 1649 2330 1717 libellos

864 1754 1199 1840 Exceptis,
1244 1757 1501 1824 domino
1548 1758 1663 1839 qui
1705 1775 1984 1824 nocuere
2028 1774 2172 1840 suo:

777 1861 897 1928 Cui
941 1867 1060 1927 tua
1102 1881 1581 1945 nonnumquam
1626 1863 1896 1930 miranti
1941 1863 2191 1945 scripta
2231 1862 2532 1946 legebas:

867 1967 992 2035 Ille
1038 1987 1179 2054 ego,
1224 1970 1305 2036 de
1350 1975 1579 2038 vestra
1623 1971 1729 2037 cui
1774 1972 1938 2036 data
1980 1972 2189 2050 nupta
2235 1969 2418 2035 domo
2465 1974 2584 2035 est.

778 2074 967 2140 Hanc
1010 2076 1252 2157 probat
1299 2081 1367 2143 et
1412 2076 1619 2158 primo
1666 2075 1974 2143 dilectam
2020 2093 2276 2157 semper
2320 2075 2402 2140 ab
2449 2093 2614 2142 aevo

660 2205 743 2244 ιω
865 2183 990 2248 Est
1032 2182 1212 2248 inter
1254 2183 1525 2249 comites
1568 2182 1824 2249 Marcia
1870 2201 2066 2250 censa
2110 2199 2279 2265 suas,

775 2287 983 2369 Inque
1028 2289 1165 2355 suis
1210 2289 1447 2356 habuit
1489 2295 1854 2356 matertera
1898 2289 2199 2356 Caesar-Is
2243 2293 2426 2354 ante:

864 2395 1153 2478 Quarum
1198 2396 1439 2463 iudicio
1484 2397 1679 2478 siqua
1718 2396 2020 2480 probata,
2066 2395 2274 2477 proba
2315 2400 2435 2461 est.

773 2500 931 2583 Ipsa
973 2520 1097 2568 sua
1140 2502 1369 2569 melior
1413 2502 1607 2586 fama,
1652 2502 2078 2569 laudantibus
2121 2501 2289 2585 istis,

865 2608 1138 2676 Claudia
1184 2609 1413 2678 divina
1454 2627 1584 2677 non
1631 2609 1920 2693 eguisset
1965 2627 2103 2691 ope.

654 2736 741 2773 ιω
772 2713 905 2780 Nos
951 2733 1206 2796 quoque
1250 2716 1646 2797 praeteritos
1691 2716 1835 2781 sine
1878 2715 2031 2781 labe
2075 2715 2442 2797 peregimus
2489 2732 2718 2781 annos:

864 2820 1177 2887 Proxima
1218 2838 1375 2901 pars
1420 2820 1605 2888 vitae
1649 2819 2083 2886 transilienda
2125 2836 2325 2886 meae.

775 2922 903 2999 Sed
949 2927 1031 2991 de
1073 2944 1177 2991 me
1221 2932 1301 2992 ut
1342 2926 1589 3008 sileam,
1634 2925 1916 2991 coniunx
1961 2943 2108 2991 mea
2151 2926 2411 2993 sarcina
2455 2931 2684 2993 vestra
2728 2931 2855 2992 est:

864 3030 1009 3097 Non
1051 3036 1241 3113 potes
1282 3033 1456 3099 hanc
1498 3031 1688 3099 salva
1732 3031 2144 3099 dissimulare
2187 3032 2330 3099 fide.

772 3135 1082 3221 Confugit
1127 3137 1291 3205 haec
1335 3140 1421 3205 ad
1465 3156 1600 3221 voS,
1644 3144 1906 3205 vestras
1950 3139 2374 3221 amplectitur
2416 3156 2567 3205 aras
2615 3176 2700 3187 —

652 3265 738 3305 ιω
860 3244 1014 3310 Iure
1059 3245 1247 3312 venit
1290 3246 1501 3312 cultos
1546 3247 1632 3311 ad
1674 3245 1802 3311 sibi
1849 3246 2122 3327 quisque
2168 3247 2320 3312 deos
2363 3282 2454 3293 -·

770 3347 1099 3432 Flensque
1142 3358 1352 3437 rogat,
1396 3352 1701 3434 precibus
1742 3351 1948 3418 lenito
1995 3352 2276 3419 Caesare
2320 3352 2584 3436 vestris,

860 3455 1071 3523 Busta
1114 3458 1217 3524 sui
1260 3459 1427 3525 fiant
1471 3464 1548 3524 ut
1591 3458 1898 3541 propiora
1943 3458 2090 3525 viri.

1443 3677 1555 3745 No.
1588 3678 1677 3747 57
1726 3676 1831 3761 (E.
1877 3677 1952 3742 P.
1998 3676 2034 3741 I
2063 3674 2150 3761 3).

1316 3812 1692 3881 Helmweh
1737 3812 1924 3881 nach
1966 3814 2264 3883 Italion.

769 3950 962 4017 Hanc
1008 3950 1134 4017 tibi
1176 3952 1351 4018 Naso
1398 3957 1552 4017 tuus
1595 3952 1823 4035 mittit,
1869 3954 2117 4038 Rufine‚
2164 3955 2470 4020 salutem:

860 4058 987 4143 Qui
1031 4057 1229 4124 miser
1273 4064 1391 4143 est,
1437 4058 1558 4125 ulli
1600 4058 1658 4124 si
1703 4076 1860 4126 suus
1905 4077 2048 4127 esse
2089 4066 2330 4143 potest.

768 4162 1054 4230 Reddita
1100 4162 1409 4231 confusae
1452 4183 1663 4247 nuper
1704 4165 1953 4232 solacia
1995 4167 2199 4233 menti

605 4317 731 4374 133.
803 4319 976 4390 iquos]
1011 4318 1388 4375 Liebeebund.
1972 4322 2096 4378 144.
2170 4320 2303 4392 Vgl.
2367 4321 2466 4374 das
2519 4317 3074 4375 Namenverzeiehnis

606 4387 733 4443 14⁰.
805 4390 1048 4459 Mareia]
1094 4389 1186 4443 die
1234 4388 1435 4447 Gattin
1482 4389 1578 4444 des
1626 4389 1743 4443 Ma-
1832 4396 1996 4444 unter
2031 4389 2286 4445 Claudia.

500 4456 694 4510 ximus.
1975 4460 2078 4516 No.
2103 4461 2195 4515 57.
2253 4459 2545 4513 Adressat:
2583 4456 2898 4525 Rufinus,
2924 4462 3074 4513 tonet

607 4526 731 4582 141.
804 4527 1067 4584 Gemeint
1101 4530 1174 4582 int
1210 4529 1366 4585 Atia.
1829 4529 1990 4583 nicht
2025 4528 2198 4583 nahor
2233 4528 2508 4584 bekannt.-

585 4630 825 4685 Bramss,
853 4632 1131 4675 mehe
1156 4644 1241 4675 au·
1268 4633 1401 4675 ovid.
2689 4613 2724 4667 9
