3684 5275
1400 414 1505 469 No.
1533 414 1598 469 15
1633 413 1716 484 (Π
1739 414 2059 483 685—852).
2928 410 3013 475 37

714 591 904 674 Ecce,
949 590 1137 657 nefas
1181 591 1348 674 visu,
1393 590 1622 656 mediis
1667 589 1989 655 altaribus
2036 589 2267 672 anguis

803 698 982 783 Exit,
1028 702 1100 763 et
1143 697 1452 763 extinctis
1497 696 1760 779 ignibus
1805 700 1963 761 exta
2006 694 2199 777 rapit.

715 803 1088 870 consulitur
1127 803 1448 869 Phoebus.
1538 820 1679 869 sors
1724 806 1827 868 est
1871 802 1972 867 ita
2014 802 2291 885 reddita,
2336 802 2552 867 ‘matri

627 934 684 975 so
802 909 930 993 Qui
976 910 1230 976 dederit
1275 910 1575 991 princeps
1621 908 1860 993 oscula,
1904 908 2120 976 victor
2166 909 2329 974 erit!

717 1014 954 1082 Oscula
997 1016 1272 1097 quisque
1315 1034 1472 1081 suae
1516 1015 1716 1081 matri
1758 1018 2115 1096 properata
2158 1014 2469 1098 tulerunt,

802 1122 946 1188 Non
990 1122 1328 1189 intellecto
1373 1121 1638 1187 credula
1679 1121 1880 1187 turba
1925 1121 2061 1187 deo.

713 1228 961 1295 Brutus
1005 1235 1156 1295 erat
1197 1229 1390 1295 stulti
1433 1228 1694 1310 sapiens
1737 1228 2051 1311 imitator,
2096 1232 2173 1293 ut
2219 1232 2393 1293 esset

804 1335 1016 1401 Tutus
1063 1336 1146 1401 ab
1193 1335 1464 1418 insidiiS‚
1510 1336 1650 1401 dire
1693 1334 2005 1417 Superbe,
2050 1334 2203 1399 tuis.

626 1464 682 1507 οε
710 1439 835 1507 Ille
880 1442 1100 1507 iacens
1143 1459 1384 1523 pronus
1429 1440 1628 1507 matri
1671 1441 1857 1507 dedit
1900 1440 2121 1507 oscula
2162 1446 2400 1522 terrae,

804 1547 1108 1614 Creditus
1152 1548 1396 1614 offenso
1440 1548 1863 1629 procubuisse
1907 1549 2089 1628 pede.

714 1654 1018 1737 Cingitur
1059 1654 1318 1721 interea.
1359 1653 1670 1719 Romanis
1711 1654 1935 1719 Ardea
1978 1652 2201 1737 signiS‚

804 1761 898 1825 Et
941 1760 1198 1842 patitur
1242 1760 1457 1827 lentas
1502 1759 1836 1826 obsidione
1880 1776 2111 1825 moras.

713 1865 886 1931 Dum
932 1870 1147 1950 vacat,
1194 1870 1264 1932 et
1307 1870 1608 1933 metuunt
1649 1866 1875 1931 hostes
1920 1866 2325 1931 committere
2368 1884 2669 1951 pugnam,
2740 1868 2743 1873 ’

625 1999 682 2038 ιο
800 1972 1086 2038 Luditur
1127 1973 1198 2037 in
1242 1973 1494 2056 castris,
1540 1972 1678 2038 otia
1719 1972 1909 2038 miles
1952 1972 2113 2055 agit.

719 2078 1114 2159 Tarquinius
1157 2079 1416 2146 iuvenis
1460 2078 1666 2145 socios
1711 2079 2117 2160 dapibusque
2160 2096 2464 2160 meroque

806 2185 1086 2267 Accipit.
1178 2203 1260 2251 ex
1303 2184 1438 2251 illis
1479 2202 1638 2268 rege
1682 2189 1943 2251 creatus
1989 2184 2118 2252 ait:

717 2290 904 2357 ‘Dum
950 2309 1068 2357 nos
1114 2290 1400 2357 difficilis
1443 2291 1634 2375 pigro
1677 2294 1863 2357 tenet
1907 2290 2129 2357 Ardea
2171 2291 2361 2376 bello,

804 2398 941 2464 Nec
983 2398 1144 2464 sinit
1187 2400 1274 2463 ad
1315 2398 1566 2479 patrios
1612 2415 1794 2463 arma
1836 2396 2089 2463 reterre
2132 2398 2303 2481 deos,

627 2527 682 2569 ιο
715 2504 969 2585 Ecquid
1011 2504 1078 2569 in
1127 2502 1338 2570 officio
1385 2508 1568 2571 torus
1611 2508 1715 2570 est
1757 2502 2061 2570 socialis?
2136 2508 2206 2570 et
2252 2506 2486 2585 ecquid

807 2609 1202 2693 Coniugibus
1245 2611 1488 2678 nostris
1531 2614 1758 2677 mutua
1801 2628 1960 2677 cura
2002 2610 2287 2678 sumus?’

718 2715 1006 2799 Quisque
1047 2735 1232 2784 suam
1276 2717 1524 2784 laudat.
1613 2717 1851 2783 studiis
1895 2718 2259 2783 certamina
2298 2725 2616 2802 crescunt,

807 2823 901 2888 Et
943 2821 1206 2889 fervent
1249 2824 1454 2889 multo
1497 2821 1853 2906 linguaque
1896 2841 2133 2904 corque
2174 2841 2371 2890 mero.
2482 2893 2491 2902 ,

719 2927 963 3011 Surgit,
1007 2929 1115 2993 cui
1159 2928 1433 2995 dederat
1478 2928 1725 2994 clarum
1771 2927 2053 2994 Collatia
2095 2947 2353 2996 nomen:

633 3059 690 3098 ω
806 3034 971 3100 ‘Non
1015 3051 1176 3115 opus
1223 3039 1326 3100 est
1369 3035 1608 3117 verbiS,
1653 3034 1903 3100 credite
1947 3034 2194 3101 rebusl’
2239 3036 2357 3102 ait.

719 3141 880 3207 ‘Nox
925 3143 1241 3222 superest.
1331 3138 1640 3205 tollamur
1683 3141 1883 3223 equis,
1929 3141 2302 3222 Urbemque
2344 3149 2642 3224 petamus
2659 3145 2700 3210 ξ’

806 3246 1006 3313 Dicta
1048 3246 1333 3330 placent,
1376 3245 1584 3311 frenis
1625 3245 2051 3328 inpediuntur
2094 3249 2264 3329 equi.

717 3352 1140 3419 Pertulerant
1185 3351 1492 3418 dominos.
1580 3351 1833 3436 regalia
1877 3355 2175 3434 protinus
2218 3354 2320 3420 illi

807 3460 1015 3526 Tecta
1057 3462 1326 3541 petunt:
1373 3463 1592 3524 custos
1636 3459 1708 3524 in
1750 3458 1892 3526 fore
1936 3461 2155 3527 nullus
2199 3465 2370 3527 erat:

556 3641 788 3696 27—86.
870 3639 980 3693 Die
1034 3623 1512 3710 &berlistung
1569 3640 1692 3695 der

453 3709 706 3766 sonno
757 3710 889 3764 des
941 3709 1386 3794 Tarquinius
1444 3708 1688 3763 durch

451 3779 718 3833 Brutus
754 3777 968 3833 erthIt
1000 3777 1196 3832 Linus
1229 3778 1262 3832 1
1284 3779 1369 3833 56.

554 3849 645 3905 29.
715 3849 854 3920 sors]
890 3845 1128 3902 Orukels
1169 3848 1309 3902 ruch

553 3919 645 3974 82.
705 3917 932 3974 credula
955 3916 1124 3972 turba
1165 3919 1240 3971 ist
1263 3917 1596 3988 Appositiou
1620 3933 1691 3971 zu

451 3991 709 4056 quisqu&
743 3989 990 4060 gemeint
1011 3987 1098 4040 sin
1159 3987 1324 4040 Titus
1347 3987 1462 4041 und
1486 3987 1692 4042 Aruns

451 4087 518 4097 —-
533 4057 862 4129 properata]
889 4059 966 4110 im
986 4055 1306 4112 Deutschen
1326 4057 1690 4111 Adverbium.

553 4129 644 4184 88.
713 4127 872 4182 stulti
900 4128 1128 4196 sapiens
1162 4123 1424 4199 imitator]
1467 4125 1690 4180 obwohl

452 4195 624 4322 Hugh
641 4197 828 4251 stellte
862 4213 923 4250 er
956 4197 1079 4250 nich
1115 4195 1322 4248 dumm.
1347 4265 1360 4280 .

557 4302 650 4392 aa:
711 4265 940 4402 m
977 4264 1488 4389 {aufugffffissfikin
1513 4334 1688 4404 hatte,

454 4401 536 4455 nl·
557 4405 636 4458 nei
661 4422 721 4459 er
843 4404 1125 4458 trauehelt
1153 4403 1267 4458 und
1295 4403 1684 4475 hingestiirzt.⁸

559 4473 728 4528 37-1
847 4473 988 4528 Der
1009 4472 1266 4528 Frevel
1291 4473 1412 4526 des
1435 4472 1690 4527 Sextus

453 4539 900 4612 Tarquinius
969 4560 1052 4597 an
1125 4544 1250 4598 der
1319 4542 1687 4596 Lucretia.

1777 3640 1986 3696 Stura
2033 3642 2156 3697 der
2192 3641 3019 3713 Tyrannenherrschaft.

1775 3709 1972 3764 Livius
2006 3710 2035 3764 I
2072 3711 2191 3766 57f.

1880 3797 1972 3854 89.
2032 3798 2161 3852 dum
2189 3799 2365 3871 vacat]
2393 3799 2659 3854 wiihrend
2683 3800 2782 3855 der
2797 3799 3019 3857 Pausen

1776 3868 1857 3920 im
1889 3867 2156 3937 Kampsa.

1882 3953 1973 4010 45.
2043 3956 2109 4010 in
2142 3955 2325 4023 officio
2359 3957 2459 4026 at]
2493 3956 2728 4012 iuttreu.
2763 3988 2831 3999 —
2868 3965 3021 4012 torus

1776 4023 2019 4094 sociam]
2051 4049 2123 4071 =
2158 4025 2412 4080 coniunx.

1777 4110 1978 4235 Eis-317.
2048 4110 2267 4185 studiis}
2314 4111 2561 4167 niimlich
2596 4113 2865 4170 laudandi
2876 4133 2891 4186 ;
2940 4115 3019 4168 im

1881 4267 1973 4323 48.
2046 4267 2307 4321 Gemeint
2350 4269 2423 4322 ist
2468 4269 2705 4341 Egel-ius
2752 4271 2857 4324 mit
2891 4271 3019 4324 dem

1778 4334 2083 4391 Beinamen
2131 4335 2465 4410 Collatinus3
2514 4341 2746 4394 nitheres
2792 4340 2886 4395 bei
2922 4341 3017 4393 Li-

1775 4406 1899 4458 vius
1932 4405 1963 4459 1
1998 4405 2083 4460 38.

1878 4475 1971 4530 51.
2040 4477 2305 4547 superest]
2344 4477 2417 4530 ist
2452 4477 2596 4532 noch
2629 4479 2781 4551 lang.

1881 4545 1971 4598 52.
2044 4545 2429 4616 inpediuntur]
2466 4548 2685 4602 werden
2718 4551 2994 4620 gezflumt.
