3684 5275
640 437 763 502 114
1712 445 1950 500 Zweiter
1993 444 2136 499 Teil.

903 611 1091 678 Nune
1134 611 1360 693 procul
1406 629 1448 676 a
1490 608 1714 691 patria
1758 608 2012 676 Geticis
2057 608 2491 675 circumsonor
2537 610 2750 692 armis

991 717 1207 783 Multa
1252 716 1433 798 prius
1478 715 1711 797 pelago
1757 713 2096 796 multaque
2140 733 2373 798 passus
2418 716 2628 782 humo.

904 824 1058 890 Sive
1102 823 1263 888 mihi
1308 839 1499 889 casus
1544 821 1686 887 sive
1729 820 1853 887 hoc
1897 821 2081 886 dedit
2123 822 2225 888 ira
2271 825 2552 904 deorum,

992 929 1237 995 Nubila
1280 927 1578 996 nascenti
1622 945 1736 993 seu
1782 927 1942 994 mihi
1984 927 2204 995 Parca
2247 927 2394 1010 fuit,

816 1061 869 1100 15
902 1037 1003 1102 Tu
1049 1039 1270 1101 tamen
1318 1053 1354 1100 e
1399 1035 1604 1100 sacris
1649 1034 1932 1099 hederae
1985 1034 2343 1101 cultoribus
2388 1053 2584 1100 unum

993 1141 1270 1208 Numine
1316 1140 1635 1206 debueras
1678 1139 2064 1206 sustinuisse
2109 1145 2241 1207 tuo.

903 1250 1009 1315 An
1056 1248 1351 1314 dominae
1394 1245 1525 1312 fati
1569 1245 1877 1327 quicquid
1921 1246 2214 1312 cecinere
2257 1262 2528 1328 sororeS‚

994 1354 1196 1421 Omne
1240 1353 1362 1420 sub
1407 1351 1685 1418 arbitrio
1733 1352 1974 1418 desinit
2019 1371 2160 1419 esse
2207 1352 2352 1419 dei?

904 1463 1055 1544 Ipse
1100 1478 1352 1541 quoque
1398 1458 1727 1525 aetherias
1771 1459 2027 1526 meritis
2070 1459 2374 1526 invectus
2419 1477 2488 1526 es
2535 1476 2735 1540 arces.

816 1597 871 1636 20
991 1567 1133 1650 Quo
1178 1584 1308 1632 non
1354 1566 1588 1647 exig-uo
1634 1564 1819 1631 iacta
1865 1567 2092 1632 labore
2137 1565 2251 1631 via
2297 1570 2416 1632 est.

902 1675 1039 1741 Nec
1084 1673 1307 1756 patria
1351 1676 1454 1738 est
1498 1671 1809 1738 habitata
1854 1672 1998 1754 tibi,
2044 1673 2160 1738 sed
2205 1673 2493 1754 adusque
2538 1671 2831 1738 nivosum

993 1781 1342 1862 Strymona
1386 1778 1630 1846 venisti
1674 1779 2217 1859 Marticolamque
2263 1777 2478 1844 Geten

901 1886 1303 1966 Persidaque
1348 1887 1419 1950 et
1459 1884 1599 1950 lato
1645 1886 2045 1966 spatiantem
2089 1883 2354 1951 flumine
2397 1883 2691 1966 Gangen,

992 1993 1086 2060 Et
1130 2009 1566 2074 quascumque
1609 1991 1784 2058 bibit
1828 1992 2086 2059 decolor
2128 1992 2330 2058 Indus
2377 2009 2598 2072 aquas,

813 2124 868 2166 ιε
900 2099 1165 2167 Scilicet
1209 2100 1380 2165 hanc
1423 2098 1633 2180 legem
1680 2103 1916 2165 nentes
1959 2098 2200 2165 fatalia
2245 2098 2500 2164 Parcae

990 2205 1288 2273 Stamina
1332 2205 1436 2270 bis
1480 2204 1705 2286 genito
1751 2205 1856 2271 bis
1901 2205 2191 2272 cecinere
2238 2205 2378 2271 tibi.

902 2313 1011 2378 Me
1055 2328 1326 2392 quoque,
1372 2311 1429 2376 si
1473 2310 1578 2377 fas
1624 2316 1727 2378 est
1772 2311 2085 2393 exemplis
2127 2312 2225 2378 ire
2270 2312 2553 2388 deorum,

991 2417 1240 2483 Ferrea
1284 2435 1423 2484 sors
1467 2417 1653 2483 vitae
1699 2416 2108 2498 difficilisque
2153 2417 2407 2499 premit.

902 2523 1027 2590 Illo
1070 2541 1191 2590 nec
1233 2522 1446 2588 levius
1492 2522 1714 2604 cecidi,
1760 2541 1950 2603 quem
1999 2541 2236 2606 mag-na
2279 2523 2566 2589 locutum

816 2657 871 2697 ao
988 2629 1304 2713 Reppulit
1348 2647 1390 2695 a
1435 2628 1681 2697 Thebis
1724 2629 2026 2713 Iuppiter
2068 2629 2219 2715 igne
2265 2648 2400 2697 suo.

904 2739 998 2805 Ut
1044 2742 1264 2804 tamen
1310 2736 1554 2804 audisti
1598 2754 1974 2818 percussum
2021 2736 2292 2803 fulmine
2335 2743 2574 2814 vatem,

990 2843 1347 2910 Admonitu
1392 2842 1624 2908 matris
1671 2844 2076 2910 condoluisse
2119 2848 2322 2926 potes.

902 2950 996 3018 Et
1040 2955 1243 3033 potes,
1290 2949 1611 3031 aspiciens
1657 2949 1900 3015 circum
1946 2956 2064 3016 tua
2109 2968 2300 3017 sacra
2343 2953 2592 3031 poetas,

990 3056 1239 3123 ‘Nescio
1286 3056 1430 3137 quis
1474 3054 1703 3121 nostri'
1748 3055 1967 3121 dicere
2013 3056 2245 3122 ‘cultor
2290 3056 2512 3123 abest.’

815 3190 869 3230 ³⁵
900 3162 1051 3246 Fer,
1094 3162 1263 3228 bone
1305 3161 1525 3241 Liber,
1570 3178 1780 3243 opem:
1826 3161 1924 3228 sic
1967 3161 2186 3229 altera
2229 3164 2550 3245 degravet
2593 3160 2836 3225 ulmum

990 3268 1183 3349 Vitis,
1230 3272 1299 3333 et
1341 3266 1589 3333 incluso
1632 3268 1829 3349 plena
1873 3268 1964 3333 sit
2006 3286 2140 3335 uva
2183 3287 2385 3350 mero;

900 3375 1009 3441 Sic
1054 3374 1181 3470 tibi
1228 3392 1371 3439 oum
1417 3373 1695 3440 Bacchis
1740 3373 2130 3457 Satyrorum
2174 3393 2398 3457 gnava
2442 3375 2750 3440 iuventus

739 3532 829 3587 14.
900 3526 1113 3603 nubila]
1151 3528 1330 3595 trube,
1369 3530 1688 3651 ungunstig.
1826 3506 1835 3513 Ι
2006 3600 2020 3615 ·
2070 3530 2160 3586 26.
2234 3531 2319 3585 bis
2337 3530 2541 3601 yenito]
2573 3528 2684 3600 vgl.
2711 3526 2763 3582 N
2769 3525 3204 3582 amenverzeich-

632 3599 1153 3753 Baclcffiunhlegiel'ig]
1168 3598 1537 3751 (1ξὲ81)ἰέιέ
1566 3605 1692 3722 ιίιιῗὲ
1725 3600 1880 3723 οξξιιηὲ
1965 3618 2051 3654 m
2069 3599 2743 3740 ὥῗωζηῗῖΐῖιθὶοοαωηι
2841 3681 3206 3748 vermensenes

632 3738 895 3805 mester,
931 3738 1049 3793 also
1086 3754 1247 3791 sacri.
1967 3739 2182 3805 redete,
2229 3739 2469 3809 prahlte.
2542 3738 2674 3810 Vgl.
2767 3735 3203 3792 amenverzeieh-

738 3810 829 3863 17.
900 3807 1012 3862 Die
1047 3806 1261 3861 Parzen
1298 3806 1423 3860 sind
1497 3809 1731 3877 omeint,
1786 3810 1878 3863 die
1965 3809 2050 3861 nis
2085 3816 2250 3862 unter
2285 3808 2596 3879 Capaneus.

634 3878 717 3933 als
777 3877 1387 3949 Schicksalsgiittinnen
1576 3879 1708 3933 inae
1763 3879 1882 3945 fati
2067 3880 2159 3934 32.
2232 3876 2495 3933 Gemeint
2538 3879 2613 3931 ist
2660 3877 2872 3932 Semele
2889 3918 2902 3943 ,
2959 3876 3049 3928 die
3099 3890 3203 3928 von

631 3947 849 4003 heiflen.
1964 3947 2122 4003 Zeus'
2159 3946 2341 4002 Blitze
2377 3947 2559 4001 erachl
2639 3964 2704 4002 en
2741 3947 2947 3999 wurde.

736 4017 827 4073 18.
899 4016 1061 4071 Sinn:
1116 4016 1285 4070 Kann
1334 4016 1435 4069 das
1480 4016 1651 4071 nelbst
1697 4018 1876 4071 durch
2067 4018 2160 4073 84.
2231 4018 2424 4087 cultor]
2459 4017 2611 4072 Vere
2653 4033 2758 4070 rer.

633 4087 794 4143 einen
864 4084 1005 4141 Gott
1074 4085 1231 4140 nieht
1308 4087 1674 4156 abgewendet
1744 4088 1878 4141 oder
2067 4088 2159 4143 35.
2229 4088 2327 4157 sie]
2363 4088 2512 4141 dann
2539 4090 2721 4155 (wenn
2744 4086 2822 4140 du
2845 4085 3026 4140 meine
3053 4086 3204 4140 Bitte

634 4174 717 4211 we
758 4158 771 4171 ⁰
842 4162 965 4211 tens
1000 4154 1309 4210 beeinflusst
1344 4155 1566 4209 werden
1580 4154 1610 4208 ⁴?
1965 4158 2219 4225 ethorst).
2257 4188 2326 4197 —
2363 4159 2580 4227 dmum]
2619 4173 2692 4210 an
2716 4156 2895 4211 denen
2919 4156 3012 4209 die
3037 4156 3202 4210 Alten

737 4228 768 4280 1
808 4263 827 4282 .
895 4226 1127 4295 merim]
1174 4232 1286 4279 erat
1322 4224 1500 4279 durch
1537 4224 1699 4279 deine
1734 4224 1875 4298 Ver-¹
1963 4226 2053 4279 die
2101 4226 2298 4280 Reben
2345 4228 2450 4279 mit
2495 4225 2762 4280 Vorliebe
2815 4225 2937 4280 sich
2991 4243 3203 4295 empor-

631 4297 862 4351 dienste.
1963 4296 2175 4350 ranken
2209 4296 2410 4350 lieflen.
2448 4326 2516 4335 —-
2551 4294 2753 4365 altera]
2788 4312 2860 4348 zu
2889 4296 3016 4349 dem
3041 4298 3202 4349 einen

736 4365 828 4422 2⁰.
899 4365 1024 4434 quo]
1061 4364 1409 4418 adverbium!
1963 4364 2356 4419 vorhandenen
2379 4364 2658 4419 Bab-took
2678 4364 2822 4425 noch
2841 4364 2934 4418 ein
2953 4364 3202 4433 anderer,

736 4434 827 4490 24.
898 4434 1131 4503 decolor]
1185 4433 1458 4500 219th,
1513 4431 1657 4487 denn
1710 4440 1878 4487 unter
1964 4434 2106 4488 also:
2154 4435 2388 4504 doppelt
2421 4452 2482 4489 no
2519 4433 2630 4489 viel
2667 4434 2773 4517 (als
2807 4439 3007 4503 sonst);
3055 4437 3200 4501 vitia,

630 4504 811 4560 Indus
862 4505 987 4558 sind
1040 4504 1129 4557 die
1183 4500 1467 4573 Athiopen
1517 4502 1749 4575 (Neget)
1806 4520 1878 4557 zu
1961 4520 2072 4558 uva
2103 4504 2221 4558 und
2253 4505 2450 4575 uhtaus]
2485 4503 2768 4558 naturheh
2792 4504 3201 4560 kollektivisch.

632 4573 943 4629 venteheu.
2068 4574 2158 4629 37.
2225 4575 2429 4644 ynava]
2464 4580 2698 4628 munter.
