3684 5275
711 352 796 417 52
1803 364 1995 419 Emer
2038 364 2180 418 Ταῦ.

965 526 1244 593 Pallade
1288 528 1556 610 placata
1598 530 1820 595 lanam
1861 528 2119 593 mollire
2162 526 2423 609 puellae

879 658 932 698 ιο
1053 633 1335 700 Discant
1380 639 1450 701 et
1493 635 1722 717 plenas
1769 652 2125 701 exonerare
2170 633 2359 700 colos.

967 740 1096 806 Illa
1141 740 1342 807 etiam
1388 742 1632 808 stantis
1677 742 1861 807 radio
1908 758 2291 822 percurrere
2334 738 2506 805 telas

1055 847 1315 929 Erudit,
1362 852 1431 913 et
1476 866 1698 912 rarum
1742 847 2005 929 pectine
2051 848 2281 911 denset
2326 862 2504 927 opus.

969 954 1159 1019 Hanc
1206 954 1360 1037 cole,
1408 954 1521 1034 qui
1565 954 1768 1020 laesis
1809 952 2105 1019 maculas
2150 953 2231 1019 de
2276 950 2571 1019 vestibus
2616 949 2869 1017 aufers:

1055 1058 1250 1124 Hanc
1293 1059 1452 1142 cole,
1497 1060 1855 1127 velleribus
1899 1059 2191 1141 quisquis
2238 1062 2403 1122 aena
2446 1074 2660 1138 paras,

881 1188 934 1230 ιε
965 1164 1103 1231 Nec
1147 1165 1489 1246 quisquam
1533 1165 1752 1233 invita
1796 1163 2001 1231 faciet
2045 1165 2213 1231 bene
2254 1162 2521 1230 vincula
2564 1163 2835 1245 plantae

1057 1270 1348 1350 Pallade,
1395 1272 1484 1337 sit
1529 1272 1780 1355 Tychio
1827 1271 2081 1337 doctior
2121 1269 2239 1336 ille
2280 1270 2467 1337 licet:

967 1376 1064 1443 Et
1105 1376 1266 1443 licet
1311 1379 1585 1458 antiquo
1630 1378 1931 1445 manibus
1976 1377 2275 1443 conlatus
2320 1376 2502 1459 Epeo

1057 1482 1163 1550 Sit
1206 1483 1403 1568 prior,
1445 1485 1628 1552 irata
1670 1484 1947 1551 Pallade
1988 1502 2257 1550 mancus
2302 1483 2448 1549 erit.

969 1590 1103 1657 Vos
1149 1608 1420 1675 quoque,
1464 1591 1772 1659 Phoebea
1815 1593 2073 1658 morbos
2120 1590 2232 1671 qui
2277 1588 2526 1671 pellitis
2570 1594 2737 1672 arte,

881 1721 938 1761 ιο
1057 1696 1336 1762 Munera
1377 1697 1460 1763 de
1505 1698 1748 1765 vestris
1792 1715 2003 1779 pauca
2048 1696 2295 1763 referte
2338 1696 2517 1761 deae.

969 1802 1107 1869 Nec
1150 1821 1286 1885 vos,
1333 1803 1533 1869 turba
1576 1802 1716 1870 fere
1762 1821 1961 1869 censu
2004 1803 2335 1885 fraudata,
2380 1802 2701 1885 magistri,

1059 1908 1390 1992 Spernite3
1438 1910 1784 1992 discipulos
1829 1910 2117 1975 attrahit
2162 1908 2279 1974 illa
2322 1926 2550 1976 novos:

973 2014 1226 2099 Quique
1269 2034 1492 2083 moves
1537 2016 1804 2099 caelum,
1851 2015 2273 2097 tabulamque
2317 2015 2639 2082 coloribus
2684 2015 2839 2097 urifl,

1061 2119 1314 2203 Quique
1358 2121 1524 2188 facis
1568 2123 1763 2189 docta
1807 2121 2032 2189 mollia
2075 2140 2239 2188 saxa
2282 2140 2493 2187 manu.

884 2255 938 2294 85
969 2227 1153 2293 Mille
1199 2228 1324 2293 dea
1367 2234 1471 2295 est
1515 2246 1804 2310 operum:
1854 2235 2035 2294 certe
2078 2229 2203 2293 dea
2249 2227 2555 2293 carminis
2600 2226 2719 2292 illa
2764 2234 2883 2293 εει.

1061 2332 1133 2400 Si
1177 2351 1444 2417 mereor,
1490 2335 1726 2400 studiis
1770 2335 1947 2400 adsit
1992 2334 2202 2399 amica
2246 2334 2423 2399 meis,

973 2439 1231 2505 Caelius
1277 2458 1360 2505 ex
1405 2440 1543 2506 alto
1591 2459 1721 2521 qua
1765 2458 1950 2507 mons
1996 2440 2332 2507 descendit
2378 2440 2447 2505 in
2492 2458 2788 2522 aequum,

959 2536 965 2543 ’
1060 2544 1206 2629 Hic,
1251 2546 1365 2612 ubi
1410 2564 1540 2614 non
1583 2546 1784 2628 plana
1831 2552 1950 2631 est,
1997 2548 2112 2613 sed
2154 2564 2356 2629 prope
2402 2546 2599 2627 plana
2643 2546 2771 2629 via,

972 2653 1196 2719 Parva
1237 2653 1396 2719 licet
1438 2654 1668 2721 videas
1711 2655 1961 2738 Captae
2006 2655 2279 2722 delubra
2320 2654 2677 2736 Minervae,

884 2788 940 2828 so
1060 2759 1244 2843 Quae
1289 2761 1412 2826 dea
1455 2761 1669 2827 natali
1715 2763 1932 2844 coepit
1975 2761 2220 2828 habere
2264 2779 2398 2828 su0.

973 2866 1268 2933 Nominis
1311 2866 1384 2932 in
1429 2868 1625 2935 dubio
1673 2886 1872 2935 causa
1916 2873 2037 2934 est.
2128 2867 2411 2949 capitale
2457 2885 2764 2935 vocamus

1063 2974 1406 3056 Ingenium
1449 2975 1702 3041 sollers:
1747 2973 2089 3058 ingeniosa
2132 2976 2256 3040 dea
2299 2979 2418 3040 est.

974 3081 1082 3146 An
1127 3081 1284 3162 quia
1330 3082 1410 3146 de
1455 3081 1694 3162 capitis
1739 3079 1956 3148 fertur
1999 3081 2141 3147 sine
2183 3087 2396 3146 matre
2440 3079 2703 3162 paterni

1065 3187 1333 3254 Vertice
1379 3205 1523 3253 cum
1569 3187 1777 3269 clipeo
1823 3188 2200 3268 prosiluisse
2244 3187 2402 3253 suo?

359 3319 468 3370 241
501 3332 552 3370 v.
582 3312 706 3368 Chr.
886 3318 940 3360 aa
971 3293 1078 3358 An
1126 3293 1281 3374 quia
1323 3293 1703 3375 perdomitis
1750 3293 1833 3358 ad
1879 3311 1998 3359 nos
2044 3294 2311 3375 captiva
2355 3293 2634 3358 Faliscis

1061 3399 1306 3465 Venit?
1383 3404 1453 3465 et
1496 3400 1620 3465 hoc
1665 3400 1877 3481 ipsum
1922 3399 2152 3465 littera
2196 3400 2413 3482 prisca
2458 3399 2664 3464 docet.

845 3581 902 3636 9.
971 3581 1200 3651 monim]
1239 3580 1610 3652 ,krempeln¹‘.
2140 3581 2229 3637 16.
2302 3581 2530 3650 doctior]
2564 3581 2932 3651 geschichter.

811 3667 880 3722 11
899 3668 947 3724 f.
1023 3667 1148 3736 ,Sie
1182 3670 1333 3790 ξθίῗ
1365 3667 1526 3734 auch,
1566 3669 1668 3723 wie
1692 3685 1822 3752 111811
1847 3669 1951 3722 mit
2139 3678 2230 3733 17.
2302 3676 2557 3731 conlatus
2604 3677 2785 3748 Epeo]
2840 3675 2919 3730 im
2968 3675 3280 3748 Vergleieh

709 3737 834 3792 dem
877 3735 1282 3793 Webersclnffc
1326 3754 1394 3792 en
1440 3737 1618 3792 durch
1667 3738 1760 3793 die
1805 3737 1948 3792 Auf-
2034 3765 2103 3801 zu
2138 3745 2342 3817 Epeus,

707 3805 1009 3878 zugsfflden
1074 3808 1170 3862 des
1222 3806 1585 3863 Webetuhles
1641 3808 1947 3862 hindurch-
2137 3843 2228 3898 2¹·
2300 3843 2471 3897 turba
2488 3872 2556 3882 —
2576 3842 2871 3912 smum]
2893 3841 2985 3894 ihr
3000 3859 3061 3896 ΒΟ
3080 3841 3280 3914 hfiufig

707 3877 1947 4019 fflssffissssfflssgsstaifflifssseffiffiz
2033 3910 2947 4054 ffirgggoeoeggfflukommenae
2994 3911 3280 3981 nouom>

709 4016 1039 4083 verdichtet‚
1077 4017 1130 4073 d.
1151 4017 1210 4072 h.
1247 4017 1562 4090 beseitigt‘.

811 4113 903 4169 14.
975 4118 1121 4167 aima
1173 4112 1268 4166 die
1297 4112 1510 4180 Kessel‚
1545 4111 1604 4166 in
1640 4112 1820 4167 denen
1857 4113 1950 4167 die
2136 4075 2231 4132 ῃ·
2302 4079 2562 4147 ΨΜῆθ]
2598 4077 2922 4184 unum-7⁸⁰²·
3124 4175 3137 4188 .

705 4181 948 4237 fullones
981 4181 1074 4237 die
1184 4182 1294 4236 olle
1329 4181 1570 4237 farbten.
2136 4173 2229 4228 28.
2300 4173 2527 4244 caelum]
2544 4173 2645 4227 der
2662 4169 2885 4238 Meistel,
2910 4171 3275 4230 Grabstiohel

671 4343 686 4354 ⁶
813 4279 905 4334 15.
977 4279 1156 4332 invita
1189 4277 1429 4332 Pallade
1473 4279 1546 4332 ist
1596 4277 1724 4346 (wie
1771 4283 1944 4331 nnten
2033 4243 2130 4298 ἅθ’
2166 4241 2455 4297 Ziffilem

707 4345 782 4402 V.
807 4346 874 4401 18
909 4348 1067 4401 irata
1099 4347 1360 4417 Pallade)
1411 4347 1512 4402 das
1545 4347 1842 4418 Gegenteil
1877 4365 1945 4401 zu
2136 4347 2205 4402 33
2224 4346 2271 4403 f.
2342 4346 2735 4401 Konstruiere:
2786 4363 2864 4401 an
2910 4347 3045 4414 quia
3089 4345 3277 4412 fertur

707 4417 944 4471 Pallade
953 4416 1188 4484 placata
1205 4415 1278 4470 V.
1297 4417 1346 4470 9.
1367 4449 1433 4456 —
1455 4417 1681 4472 vincula
1693 4417 1945 4486 plantae]
2032 4417 2100 4472 de
2150 4418 2353 4472 vortice
2400 4417 2605 4486 capitis
2646 4418 2880 4485 pater-m·
2924 4417 3046 4471 eine
3096 4424 3277 4475 matre

709 4485 962 4555 Schuhet,
999 4485 1294 4540 w6rtlich‘?
2021 4487 2365 4556 prosilui-eu.
