3684 5275
588 417 713 483 132
1653 423 1892 481 zweiter
1935 426 2081 482 Teil.

943 589 1256 673 Vulnera,
1300 587 1673 672 praeceptis
1715 607 1909 672 posse
1954 591 2129 658 coire
2173 591 2324 658 tuis.

855 697 984 765 Sed
1028 713 1278 780 vereor,
1320 713 1409 762 ne
1446 713 1554 761 me
1596 694 1853 763 frustra
1892 714 2163 764 servare
2203 696 2480 782 labores,

768 828 825 870 ⁹0
943 802 1087 870 Neu
1131 803 1324 871 iuver
1366 802 1631 868 admota
1675 802 1973 884 perditus
2018 820 2220 887 aeger
2259 822 2400 886 ope.

856 909 995 977 Nec
1036 909 1269 990 loquor
1312 908 1495 990 haec,
1546 907 1703 989 quia
1746 909 1838 975 sit
1879 909 2090 976 maior
2132 910 2483 991 prudentia
2526 911 2738 993 nobis3

948 1017 1077 1084 Sed
1121 1033 1266 1082 sum
1310 1032 1505 1096 quam
1550 1015 1799 1082 medico
1845 1015 2063 1082 notior
2105 1016 2245 1098 ipse
2289 1017 2465 1083 mihi.

858 1124 954 1192 Ut
998 1126 1223 1189 tamen
1266 1121 1391 1188 hoc
1433 1120 1535 1186 ita
1578 1121 1687 1205 sit,
1731 1139 1964 1189 munus
2009 1125 2130 1188 tua
2173 1123 2424 1205 grande
2467 1123 2772 1191 voluntas

947 1229 1056 1296 Ad
1097 1245 1203 1295 me
1247 1225 1569 1311 pervenit,
1615 1227 2105 1309 consuliturque
2148 1229 2320 1296 boni.

1501 1455 1613 1525 No.
1646 1456 1741 1526 58
1788 1454 1893 1542 (Ε.
1937 1455 2012 1524 Ρ.
2057 1457 2094 1522 Ι
2129 1455 2255 1541 10).

1231 1611 1365 1681 Ich
1409 1612 1537 1679 bin
1582 1630 1728 1679 nur
1771 1611 1959 1682 noch
2003 1612 2123 1682 ein
2167 1609 2534 1682 Schatten.

862 1772 1039 1838 Naso
1084 1788 1201 1838 suo
1246 1769 1563 1852 profugus
1606 1769 1819 1836 mittit
1863 1769 2008 1854 tibi,
2052 1769 2292 1837 Flacce
2335 1770 2640 1838 salutem:

951 1876 1225 1944 Mittere
1268 1894 1406 1942 rem
1450 1875 1675 1960 siquis,
1721 1895 1854 1957 qua
1897 1881 2084 1944 caret
2127 1876 2287 1958 ipse,
2330 1881 2568 1959 potest.

860 1985 1127 2068 Longus
1171 1982 1343 2049 enim
1388 1981 1563 2048 curIs
1604 1982 1920 2050 vitiatum
1965 2001 2198 2066 corpus
2242 1983 2486 2051 amaris

950 2090 1095 2157 Non
1140 2089 1397 2172 patitur
1439 2089 1618 2157 vires
1662 2088 1943 2173 languor
1985 2090 2232 2157 habere
2274 2107 2445 2157 suas.

803 2223 829 2263 ο
858 2198 998 2266 Nec
1042 2197 1228 2264 dolor
1268 2195 1441 2262 ullus
1487 2196 1692 2279 adest,
1734 2213 1860 2262 nec
1903 2195 2199 2263 febribus
2244 2215 2400 2264 uror
2442 2195 2711 2280 anhelis,

950 2305 1045 2372 Et
1086 2293 1351 2387 peragit
1394 2301 1576 2369 soliti
1619 2319 1794 2369 vena
1836 2302 2086 2368 tenoris
2129 2302 2279 2370 iter.

862 2411 951 2478 Os
996 2411 1198 2476 hebes
1242 2413 1362 2493 est,
1406 2407 1791 2491 positaeque
1833 2412 2101 2475 movent
2145 2407 2421 2475 fastidia
2465 2427 2743 2494 mensae,

948 2517 1043 2583 Et
1089 2533 1341 2598 queror,
1385 2513 1585 2582 invisi
1632 2532 1778 2580 cum
1821 2514 2009 2581 venit
2052 2514 2217 2581 hora
2261 2515 2408 2581 cibi.

861 2623 1049 2709 Quod
1092 2640 1290 2707 mare,
1334 2621 1507 2703 quod
1551 2621 1768 2706 tellus,
1813 2639 2084 2705 appone,
2130 2622 2302 2703 quod
2346 2621 2584 2689 educat
2631 2641 2762 2708 aer,

772 2758 829 2799 ιο
946 2729 1057 2796 Nil
1104 2729 1217 2813 ibi,
1263 2729 1437 2810 quod
1478 2729 1668 2795 nobis
1714 2729 2061 2813 esuriatur,
2107 2730 2254 2795 erit.

858 2836 1107 2903 Nectar
1151 2840 1222 2903 et
1264 2834 1675 2918 ambrosiam,
1719 2833 1955 2901 latices
2001 2835 2356 2917 epulasque
2398 2836 2682 2921 deorum,

947 2943 1083 3009 Det
1124 2941 1289 3009 mihi
1332 2941 1617 3008 formosa
1660 2958 1837 3008 nava
1883 2940 2169 3008 Iuventa
2211 2960 2427 3025 manu,

858 3049 1002 3116 Non
1049 3054 1272 3115 tamen
1318 3052 1597 3114 exacuet
1638 3052 1908 3129 torpens
1953 3065 2148 3130 sapor
2191 3048 2306 3115 ille
2350 3048 2660 3130 palatum.

949 3155 1175 3223 Stabit
1220 3159 1291 3221 et
1333 3154 1404 3219 in
1447 3153 1783 3220 stomacho
1830 3156 2083 3235 pondus
2127 3155 2342 3221 inerte
2387 3156 2515 3221 diu.

772 3289 827 3329 ιο
858 3263 1043 3329 Haec
1088 3279 1210 3345 ego
1255 3278 1384 3327 non
1429 3259 1658 3343 ausim,
1705 3278 1852 3325 cum
1895 3261 2034 3327 sint
2075 3260 2434 3343 verissima,
2481 3261 2690 3327 cuivis

950 3368 1268 3451 Scribere,
1313 3365 1585 3433 delicias
1629 3384 1715 3431 ne
1758 3365 1935 3432 mala
1978 3372 2208 3433 nostra
2254 3372 2463 3434 vocet.

864 3474 1133 3542 Scilicet
1176 3473 1235 3540 is
1277 3476 1496 3539 status
1541 3475 1662 3556 est,
1709 3490 1790 3537 ea
1831 3489 2050 3539 rerum
2094 3473 2306 3539 forma
2347 3491 2655 3557 mearum,

950 3580 1223 3647 Deliciis
1269 3579 1469 3645 etiam
1514 3578 1723 3660 possit
1766 3584 1843 3645 ut
1889 3597 2032 3646 esse
2075 3579 2280 3646 locus!

863 3687 1154 3754 Delicias
1198 3685 1299 3751 illi
1342 3702 1576 3768 precor
1618 3684 1739 3751 has
1785 3686 2183 3770 contingere,
2228 3686 2434 3768 siquis

776 3822 833 3862 zo
952 3793 1051 3860 Ne
1095 3792 1258 3858 mihi
1299 3792 1393 3859 sit
1436 3791 1648 3859 levior
1692 3792 1994 3859 Caesaris
2037 3792 2157 3877 ira,
2203 3794 2411 3859 timet.

864 3901 933 3967 Is
981 3917 1253 3982 quoque,
1301 3898 1415 3980 qui
1458 3898 1695 3980 gracili
1742 3890 1927 3965 cibus
1973 3905 2077 3965 est
2119 3900 2190 3966 in
2237 3918 2520 3984 corpore,
2565 3917 2841 3981 somnuS,

741 4067 833 4121 00.
896 4064 1159 4134 perditus
1180 4062 1364 4135 aeger]
1400 4064 1491 4117 ein
1526 4064 1700 4119 echon
1727 4063 1848 4118 auf-
2071 4066 2129 4121 5.
2195 4064 2449 4131 febribus
2461 4063 2614 4136 uror}
2633 4062 2816 4119 werde
2830 4078 2934 4115 von
2945 4062 3171 4117 Fieber-

600 4135 917 4209 gegebener
951 4132 1233 4189 Kranker.
1934 4135 2084 4189 hitze
2125 4132 2480 4205 geschuttelt.

740 4204 833 4260 94.
904 4204 1207 4259 comitur
1232 4202 1387 4274 boni]
1422 4202 1561 4257 vird
1585 4209 1689 4276 gut
1723 4202 1850 4258 auf·
2077 4206 2130 4260 7.
2199 4218 2261 4257 os
2307 4202 2470 4259 hebes
2513 4204 2611 4272 cst]
2663 4202 2763 4256 der
2807 4202 3048 4272 Appetit
3099 4201 3172 4255 iet

600 4290 945 4347 genommen,
980 4272 1238 4328 dankbar
1272 4273 1600 4328 anei-kannt.
1931 4276 2112 4344 trlige.

2037 4343 2129 4398 lo.
2198 4342 2345 4410 quod
2378 4372 2447 4383 —-
2481 4342 2782 4411 nudatur]
2808 4340 3042 4395 wouach
3078 4340 3170 4394 ich

740 4414 848 4470 No.
874 4412 969 4469 58.
1021 4410 1141 4467 Der
1164 4412 1435 4467 Adressat
1456 4412 1750 4468 Flaccus
1772 4412 1850 4465 ist
1932 4411 2253 4483 Vei-langen
2291 4412 2466 4466 blitte.

598 4500 705 4537 uns
738 4490 889 4538 sonat
922 4481 1081 4537 nicht
1114 4481 1383 4537 bekannt.
2037 4482 2130 4537 18.
2199 4482 2441 4552 tor-pons]
2487 4478 2728 4549 stumpf,
2776 4480 2880 4534 mit
2918 4479 3172 4550 palatum

738 4553 798 4609 3.
866 4553 1139 4623 vitiatum]
1182 4552 1545 4624 angegriffen.
1931 4568 2000 4607 su
2035 4550 2358 4607 verbiuden.
