3684 5275
601 330 684 395 64
1692 338 1886 393 Erster
1929 338 2074 393 Teu.

867 500 1052 586 Quae
1098 502 1334 586 decuit,
1378 502 1606 584 primis
1650 501 1792 568 sine
1837 500 2107 567 crimine
2151 500 2419 567 lusimus
2467 500 2683 567 annis:

782 636 838 676 ιο
957 609 1146 675 Ν11110
1190 608 1432 675 teritur
1474 608 1721 674 nostris
1767 626 1928 674 area
1972 606 2181 674 maior
2224 606 2423 689 equis.

872 716 1196 796 Tempora
1240 733 1384 781 cum
1431 713 1661 797 0311313,
1707 714 2055 779 annalibus
2101 718 2293 780 eruta
2335 712 2583 795 priscis,

961 821 1308 903 Lapsaque
1352 820 1473 886 sub
1518 826 1736 885 terras
1781 824 2058 901 ortaque
2102 820 2294 903 signa
2336 836 2516 886 cano.

874 927 1188 994 Venimus
1233 928 1318 993 ad
1363 931 1687 1009 quartum,
1733 943 1859 1007 quo
1905 931 1981 991 tu
2026 925 2451 992 celeberrima
2495 942 2729 991 mense.

965 1034 1060 1099 Et
1105 1037 1328 1100 vatem
1374 1038 1445 1098 et
1488 1050 1771 1097 mensem
1815 1032 1963 1114 3013,
2009 1032 2249 1115 VenuS,
2296 1050 2438 1097 esse
2483 1032 2667 1098 tuos!

791 1168 844 1208 15
875 1140 1060 1207 Mota
1106 1138 1502 1222 Cytheriaca
1545 1138 1785 1205 leviter
1829 1156 1976 1204 mea
2021 1143 2317 1219 tempora
2362 1143 2576 1221 myrto

973 1245 1266 1329 Contigit
1311 1250 1382 1311 et
1425 1246 1740 1325 ‘coeptum
1786 1244 2041 1325 perfice’
2088 1245 2259 1310 dixit
2303 1245 2517 1325 ‘opus’

883 1351 1230 1434 Sensimus»,
1277 1354 1347 1416 et
1389 1368 1626 1417 causae
1671 1350 1889 1416 subito
1934 1356 2211 1431 patuere
2258 1350 2523 1417 dierum.

973 1458 1146 1524 Dum
1189 1456 1348 1523 licet
1393 1462 1463 1522 et
1507 1456 1767 1537 spirant
1810 1454 2091 1539 flamina,
2136 1457 2329 1522 navis
2374 1462 2503 1522 eat.

1678 1560 1714 1597 *
2108 1562 2143 1598 *

1896 1610 1930 1647 ηε

889 1668 1019 1735 Illa
1065 1668 1322 1751 quidem
1366 1672 1578 1734 tot-um
1625 1668 2008 1750 dignissima
2052 1672 2381 1749 temperat
2424 1668 2677 1749 orbem3

803 1803 860 1843 20
978 1774 1107 1841 Illa
1150 1780 1338 1841 tenet
1379 1775 1559 1840 nullo
1605 1792 1814 1857 regna
1859 1774 2111 1840 minora
2158 1776 2293 1858 de0,

893 1882 1177 1963 Iuraque
1223 1882 1341 1947 dat
1385 1880 1584 1964 eaelo,
1630 1886 1870 1965 terrae,
1915 1880 2253 1947 natalibus
2298 1880 2505 1963 undis,

983 1987 1242 2069 Perque
1285 2005 1436 2053 suos
1479 1986 1686 2053 initus
1731 1986 2026 2053 continet
2070 2005 2256 2053 omne
2299 2004 2523 2069 genus.

895 2093 1025 2160 Illa
1071 2095 1223 2160 deos
1271 2111 1490 2159 omnes
1533 2130 1624 2139 —
1666 2092 1934 2175 longum
1980 2097 2084 2159 est
2126 2111 2472 2159 numerare
2515 2130 2606 2139 —
2651 2092 2927 2159 creavit:

985 2198 1114 2265 Illa
1159 2200 1326 2265 satis
1372 2216 1605 2265 causas
1651 2199 2125 2280 arboribusque
2171 2199 2377 2265 dedit:

811 2332 866 2373 π
895 2305 1026 2372 Illa
1069 2308 1265 2371 rudes
1311 2304 1560 2371 animos
1603 2305 1930 2371 hominum
1976 2305 2310 2371 contraxit
2352 2305 2423 2370 in
2468 2323 2681 2389 unum,

989 2411 1084 2477 Et
1129 2410 1351 2478 docuit
1393 2410 1580 2493 iungi
1624 2429 1768 2477 cum
1811 2429 1974 2494 pare
2018 2429 2337 2493 quemque
2380 2429 2517 2477 sua.

904 2518 1076 2601 Quid
1120 2536 1328 2601 genus
1372 2534 1557 2584 omne
1602 2522 1787 2584 creat
1829 2518 2184 2601 volucrum,
2228 2516 2356 2583 nisi
2401 2516 2648 2583 blanda
2693 2516 3040 2600 voluptas?

993 2624 1130 2691 Nec
1176 2631 1410 2690 coeant
1451 2626 1746 2706 pecudes,
1794 2623 1851 2690 si
1894 2624 2063 2691 levis
2109 2623 2287 2691 absit
2330 2642 2527 2690 amor.

909 2731 1066 2798 Cum
1113 2748 1294 2796 mare
1337 2735 1494 2796 trux
1539 2731 1712 2796 aries
1759 2749 1959 2797 cornu
2005 2733 2327 2813 decertat3
2374 2735 2449 2796 at
2492 2730 2663 2796 idem

819 2865 876 2905 30
994 2837 1306 2904 Frontem
1354 2837 1636 2903 dilectae
1679 2837 1944 2903 laedere
1986 2838 2204 2919 parcit
2247 2837 2407 2904 ovis

910 2944 1229 3026 Deposita
1274 2943 1572 3024 sequitur
1613 2947 1849 3010 taurus
1892 2943 2164 3010 feritate
2208 2943 2567 3028 iuvencam,

1002 3050 1208 3133 Quem
1253 3049 1378 3115 toti
1423 3048 1651 3131 saltus,
1699 3068 1890 3130 quem
1932 3068 2158 3117 nemus
2203 3068 2390 3116 omne
2435 3050 2677 3116 tremit.

912 3156 1034 3222 Vis
1079 3157 1306 3221 eadem
1349 3155 1487 3220 lato
1535 3156 1979 3236 quodcumque
2022 3157 2143 3223 sub
2191 3175 2473 3238 aequore
2517 3155 2708 3238 vivit,

1005 3261 1263 3344 Servat,
1310 3268 1380 3326 et
1423 3261 1777 3327 innumeris
1822 3261 2110 3343 piscibus
2155 3262 2384 3344 implet
2429 3279 2652 3343 aquas.

829 3395 884 3437 ³⁵
915 3368 1140 3434 Prima
1185 3365 1359 3433 feros
1405 3367 1671 3433 habitus
1715 3367 1961 3433 homini
2007 3368 2325 3434 detraxit:
2371 3369 2454 3434 ab
2500 3367 2619 3434 illa

1010 3473 1351 3539 Venerunt
1396 3472 1612 3539 cultus
1656 3473 2027 3555 mundaque
2071 3491 2230 3540 cura
2274 3474 2391 3540 sui.

919 3580 1197 3648 Primus·
1223 3597 1450 3645 amans
1496 3597 1757 3645 carmen
1801 3578 2151 3661 vigilatum
2195 3586 2386 3646 nocte
2430 3583 2678 3663 negata

1011 3685 1276 3752 Dicitur
1321 3685 1408 3750 ad
1451 3683 1708 3750 clausas
1755 3685 2155 3752 concinuisse
2199 3685 2401 3752 fores:

925 3792 1401 3874 Eloquiumque
1447 3789 1576 3855 fuit
1623 3791 1853 3856 duram
1898 3808 2172 3858 exorare
2214 3792 2516 3876 puellam,

839 3923 895 3964 ιο
1015 3899 1275 3979 Proque
1319 3915 1440 3963 sua
1486 3914 1684 3962 causa
1729 3895 2003 3976 quisque
2049 3898 2330 3967 disertus
2376 3902 2538 3964 erat.

929 4004 1112 4070 Mille
1157 4021 1276 4085 per
1319 4003 1489 4068 hanc
1535 4006 1715 4068 artes
1760 4008 2003 4084 motae3
2049 4003 2391 4084 studioque
2432 4003 2737 4086 placendi

771 4240 861 4295 10.
934 4239 1086 4306 area]
1122 4235 1508 4306 Kampfplatz.
2101 4237 2192 4291 29.
2260 4239 2430 4307 mare]
2444 4235 3079 4308 istAblativ.sing-ul.von
3092 4235 3239 4290 mas!

771 4307 863 4363 22.
927 4323 1036 4376 per
1093 4321 1222 4362 euos
1279 4307 1475 4376 initus]
1546 4304 1726 4359 durch
1783 4303 1911 4358 ihre
2102 4306 2194 4361 30.
2264 4306 2483 4362 laedere
2507 4307 2718 4376 parcit]
2754 4329 2825 4352 ==
2859 4323 2967 4361 non
3003 4305 3195 4358 laedit.

557 4411 564 4418 -
669 4374 1076 4430 Liobeswerko.
1113 4406 1181 4416 —
1218 4377 1479 4446 continet]
1516 4373 1703 4429 erhlilt
1737 4373 1836 4429 sie.
2102 4375 2196 4430 37.
2258 4379 2495 4447 primus]
2514 4377 2861 4447 priidikativ:
2889 4377 2979 4430 ein
2996 4373 3236 4429 Liebon-

774 4445 866 4502 24.
935 4447 1093 4516 eatis]
1127 4446 1201 4499 int
1238 4444 1427 4500 Dativ.
1463 4443 1693 4516 plural.!
2001 4444 2102 4498 der
2136 4461 2253 4498 war
2287 4463 2361 4513 ea,
2396 4446 2497 4502 der
2530 4454 2714 4501 suerat
2746 4463 2879 4500 usw.
