3684 5275
635 394 722 459 44
1726 404 1919 459 Enter
1958 402 2105 457 Teil.

903 567 1032 633 Illa
1076 569 1178 634 sui
1221 586 1342 649 per
1385 586 1590 649 aquas
1633 567 1849 634 fertur
1894 566 2226 632 tutissima
2269 568 2431 649 nati,

813 700 869 740 so
988 674 1346 757 Longaque
1388 673 1716 740 Phrixeae
1759 679 2002 755 stagna
2046 672 2287 739 sororis
2331 674 2499 739 adit:

901 780 1390 861 Rhoeteumque
1435 798 1662 863 rapax,
1709 779 2036 861 Sigeaque
2079 778 2279 845 litora
2323 778 2566 845 transit

990 887 1084 953 Et
1130 887 1453 970 Tenedon,
1498 891 1758 954 veteres
1803 884 2102 951 Eetionis
2146 902 2317 967 opes.

902 991 1216 1075 Cyclades
1261 992 1614 1075 excipiunt,
1657 992 1872 1057 Lesbo
1916 994 2067 1072 post
2112 996 2304 1074 terga
2348 990 2598 1074 relicta,

989 1098 1262 1183 Quaque
1308 1098 1642 1179 Carysteis
1685 1096 2022 1180 frangitur
2063 1098 2239 1164 unda
2282 1098 2489 1164 vadis.

811 1229 867 1271 aa
897 1204 1170 1271 Transit
1213 1208 1284 1270 et
1326 1205 1628 1288 Icarium,
1673 1203 1892 1285 lapsas
1936 1202 2050 1269 ubi
2094 1204 2381 1285 perdidit
2423 1204 2566 1270 alas

989 1310 1232 1394 Icarus,
1280 1316 1348 1376 et
1393 1314 1629 1377 vastae
1673 1310 1936 1375 nomina
1980 1308 2142 1375 feeit
2187 1327 2416 1389 aquae.

899 1417 1063 1481 Tum
1109 1416 1304 1483 laeva
1349 1416 1604 1499 Creten,
1650 1417 1885 1481 dextra
1930 1415 2315 1498 Pelopeidas
2360 1417 2567 1482 undas

987 1522 1268 1606 Deserit,
1313 1528 1383 1589 et
1426 1523 1700 1590 Veneris
1745 1540 1937 1587 saera
1982 1521 2270 1604 Cythera
2314 1522 2503 1602 petit.

899 1627 1072 1694 Hine
1115 1646 1294 1695 mare
1339 1628 1766 1713 Trinacrium,
1811 1628 2097 1695 candens
2142 1629 2255 1695 ubi
2300 1628 2603 1711 tinguere
2646 1628 2890 1695 ferrum

810 1760 868 1799 ιο
985 1734 1268 1800 Brontes
1313 1739 1382 1800 et
1427 1734 1732 1816 Steropes
1775 1734 2290 1815 Acmonidesque
2334 1734 2564 1817 solent,

899 1841 1333 1921 Aequoraque
1377 1838 1548 1907 Afra
1590 1840 1773 1923 legit,
1819 1841 2195 1921 Sardoaque
2238 1858 2446 1923 regna
2490 1838 2777 1908 sinistris

987 1946 1286 2028 Respicit
1331 1965 1373 2011 a
1416 1946 1630 2029 remiS,
1673 1942 2181 2027 Ausoniamque
2203 1950 2403 2012 tenet.

901 2051 1091 2119 Ostia
1135 2053 1522 2135 contigerat,
1569 2070 1700 2133 qua
1743 2070 1815 2117 se
1861 2052 2208 2118 Tiberinus
2252 2052 2323 2117 in
2368 2052 2575 2118 altum

988 2157 1247 2225 Dividit
1293 2164 1361 2224 et
1406 2176 1630 2240 eampo
1677 2158 1984 2225 liberiore
2028 2162 2245 2223 natat:

811 2290 866 2331 ιο
898 2263 1120 2330 Omnis
1165 2282 1360 2345 eques
1405 2265 1742 2344 mixtaque
1787 2264 2013 2346 gravis
2059 2282 2203 2329 cum
2245 2262 2437 2345 plebe
2482 2268 2749 2331 senatus

990 2370 1238 2438 Obvius
1284 2370 1370 2436 ad
1414 2370 1610 2435 Tusci
1663 2369 1944 2436 fluminis
1989 2386 2105 2435 ora
2148 2370 2349 2437 venit.

899 2478 1268 2543 Procedant
1313 2476 1566 2558 pariter
1609 2481 1853 2541 matres
1898 2480 2224 2557 nataeque
2270 2494 2599 2557 nurusque

988 2582 1300 2667 Quaeque
1345 2581 1567 2649 colunt
1611 2585 1875 2650 sanctos
1916 2581 2307 2665 virginitate
2352 2581 2545 2650 focos

901 2689 1142 2756 Sedula
1184 2689 1342 2756 fune
1387 2689 1516 2756 viri
1563 2692 1869 2755 contento
1914 2689 2224 2755 bracchia
2267 2689 2551 2754 lassant:

813 2821 868 2862 ω
985 2796 1119 2862 Vix
1161 2795 1342 2862 subit
1387 2797 1699 2861 adversas
1719 2795 2005 2876 hospita
2049 2795 2240 2862 navis
2286 2813 2506 2875 aquae,

900 2900 1088 2968 Sicca
1133 2901 1245 2968 diu
1289 2901 1512 2967 fuerat
1556 2899 1771 2985 tellus,
1815 2901 1965 2967 sitis
2010 2906 2271 2968 usserat
2314 2901 2579 2969 herbas:

987 3008 1172 3073 Sedit
1215 3007 1443 3074 limoso
1489 3025 1714 3088 pressa
1759 3007 1986 3072 carina
2030 3008 2219 3074 vado.

899 3113 1204 3196 Quisquis
1251 3114 1440 3195 adest
1485 3113 1682 3195 operi,
1729 3113 1875 3194 plus
1920 3131 2113 3193 quam
2158 3131 2277 3194 pro
2322 3117 2515 3194 parte
2558 3112 2838 3192 laborat,

986 3219 1281 3286 Adiuvat
1327 3224 1396 3285 et
1439 3218 1632 3285 fortis
1678 3236 1839 3285 voce
1883 3225 2158 3285 sonante
2201 3237 2449 3284 manus.

809 3351 864 3391 aa
895 3325 1024 3390 Dla
1067 3324 1254 3391 velut
1297 3325 1507 3390 medio
1551 3324 1813 3391 stabilis
1858 3326 2043 3390 sedet
2086 3324 2301 3390 insula
2346 3326 2561 3404 ponto.

985 3431 1278 3497 Attoniti
1322 3437 1607 3497 monstro
1653 3436 1968 3511 stantque
2010 3433 2387 3511 paventque
2434 3427 2579 3494 viri.

899 3536 1171 3602 Claudia
1214 3537 1462 3621 Quinta
1505 3555 1711 3621 genus
1756 3536 1991 3602 Clauso
2036 3533 2369 3601 referebat
2412 3535 2499 3600 ab
2544 3533 2699 3618 alt0,

985 3642 1122 3709 Neo
1166 3642 1370 3712 facies
1412 3644 1626 3724 impar
1667 3642 2021 3709 nobilitate
2065 3640 2219 3706 fuit:

899 3748 1097 3815 Casta
1143 3749 1420 3834 quidem,
1465 3751 1582 3816 sed
1624 3767 1753 3814 non
1797 3752 1868 3813 et
1914 3748 2181 3814 eredita
2273 3764 2491 3813 rumor
2534 3747 2794 3828 iniquus

808 3881 864 3922 eo
982 3854 1318 3938 Laeserat,
1367 3859 1436 3920 et
1478 3853 1634 3920 falsi
1681 3853 1971 3919 criminis
2014 3859 2169 3918 aeta
2213 3871 2331 3920 rea
2374 3857 2492 3919 est.

685 4127 694 4134 -
721 4096 823 4158 '290
893 4097 1040 4166 mu]
1071 4094 1160 4150 Ne
1200 4101 1383 4150 tanus.
2062 4094 2154 4149 52.
2200 4094 2417 4163 pressa]
2442 4093 2733 4149 adverbial
2756 4109 2825 4146 zu
2841 4093 3013 4148 sedit:
3037 4092 3200 4160 ,fuhr

643 4170 646 4173 ’
733 4166 972 4222 30-43.
1043 4163 1150 4219 nie
1193 4172 1218 4218 t
1251 4164 1395 4218 ohne
1426 4163 1534 4217 den
1559 4161 1722 4216 Atlas
1743 4165 1870 4232 prii·
1957 4163 2115 4216 fest⁸.

627 4235 911 4304 pat-ieron!
2059 4232 2153 4288 58.
2222 4231 2533 4304 nobilitate]
2590 4230 2764 4287 ablat,
2820 4231 3198 4286 limitationis:

731 4305 824 4360 45.
890 4305 1102 4374 ymni-3]
1137 4301 1456 4356 wurdevoll.
1956 4303 2082 4357 ihre
2100 4301 2407 4357 Schssnheit
2428 4320 2544 4356 war
2567 4303 2727 4356 nieht
2740 4319 2813 4356 un
2854 4302 3004 4358 leieh
3023 4303 3197 4373 (nim—

733 4375 825 4429 50.
896 4371 1061 4446 subit]
1101 4370 1463 4426 iiberwindet.
1955 4369 2072 4426 lieh
2109 4373 2167 4425 in
2203 4371 2396 4443 Bezug
2432 4371 2537 4426 auf
2564 4371 2671 4425 den
2702 4321 2874 4442 Adeff)
2908 4372 3062 4426 ihrer
3086 4371 3197 4426 Ge·

733 4443 826 4498 51.
895 4443 1040 4512 οὔδε]
1087 4441 1188 4496 das
1232 4456 1345 4494 was
1390 4440 1567 4494 Durat
1613 4447 1868 4513 erzeugt:
1955 4442 2115 4495 burt:
2164 4441 2243 4496 sie
2292 4459 2407 4495 war
2454 4442 2657 4495 ebenso
2699 4441 2899 4509 sehiin,
2948 4442 3055 4495 wie
3086 4458 3199 4497 von

627 4512 1021 4568 Tmekenheit.
1954 4513 2285 4566 vornehmer
2320 4511 2743 4581 Abstammung.
